3110 4882
711 307 748 356 De
767 309 853 374 lingon
871 309 996 372 epistolas.

813 481 838 564 ἓ.
863 487 893 550 2.

490 631 539 688 De
563 631 683 700 lingna
706 633 882 702 primitiva
904 633 1010 690 huius
1034 633 1209 702 epistolae.

363 813 375 840 „
391 765 485 830 Vetus
494 777 524 832 et
531 765 663 850 culpata
679 769 784 852 opinio
801 771 865 832 eet“
890 769 972 851 (dicit
981 769 1093 850 E'stius)
1110 767 1260 845 „bonoad
1270 769 1434 829 Hebraeos

266 873 429 956 epistolam
453 878 594 956 primurn
617 871 700 938 ebab
725 875 794 958 ipso
817 885 944 938 auctore
967 875 1108 938 hebraice
1129 875 1281 957 empnam
1305 867 1433 952 esaan)

266 977 390 1060 Antiqui
406 979 483 1042 enirn
500 981 599 1042 testati
615 991 691 1054 sunt,
702 981 828 1043 Paulum
844 983 986 1044 Hebraeis
1003 981 1135 1043 hebraice
1144 978 1290 1060 scripsisse
1305 987 1336 1038 et
1347 994 1432 1058 grae-

263 1103 329 1146 cum
345 1085 485 1166 epistolae
501 1096 617 1150 textum
632 1088 791 1150 versionem
807 1097 922 1150 tantum
938 1087 1089 1150 continere.
1119 1088 1183 1149 Hoc
1198 1093 1273 1147 certe
1288 1085 1430 1145 teoemnt:

265 1189 406 1254 Clemens
421 1193 524 1268 Alea,
546 1193 595 1274 qui
620 1193 731 1275 dicite)
756 1193 920 1271 „Paulum
935 1195 1093 1259 Hebraeis
1116 1195 1279 1276 scripsisse
1302 1187 1431 1274 ἑβραϊκῇ

265 1309 361 1383 φωνῇ,
378 1299 522 1362 moratu
538 1301 705 1376 idiomate;
728 1299 852 1364 Lucam
874 1309 980 1365 autem
1004 1301 1133 1364 eandem
1155 1317 1267 1380 praeeo
1289 1314 1432 1359 sermone

265 1403 405 1467 studiose
439 1407 677 1488 intepretatum
708 1410 831 1490 praecis
855 1409 1033 1471 bominibus
1058 1407 1220 1468 edidisse.“
1261 1403 1431 1477 Eusebius,

263 1507 343 1570 cuius
358 1511 452 1572 verba
467 1512 617 1597 sonantrss)
641 1511 745 1590 ,Orsen
760 1515 804 1577 ad
818 1515 981 1578 Hebraeos
1004 1515 1053 1577 διὰ
1075 1525 1128 1604 τῆς
1151 1515 1275 1596 πατρίου
1291 1509 1430 1594 γλώττης

261 1618 370 1695 patrio
386 1637 529 1681 emmone
543 1621 720 1704 scripsisset
734 1619 872 1698 Paulus,
894 1619 954 1684 alii
970 1619 1093 1684 Iouam
1115 1615 1348 1699 euanpelistam
1371 1613 1431 1676 elii

264 1717 447 1785 Clementem
458 1721 846 1810 (compensandam
857 1724 1318 1808 esseinteepretatumfuerunt.
1337 1719 1430 1794 Quod

261 1828 385 1906 quadem
400 1832 507 1894 uerius
522 1832 653 1907 uidear,
669 1852 741 1896 cum
753 1835 943 1916 praesertim
958 1841 987 1894 et
1002 1831 1168 1894 Clementis
1183 1837 1213 1891 et
1225 1825 1285 1890 illa
1300 1823 1346 1888 ad
1360 1825 1428 1886 He-

262 1934 372 1997 braeos
387 1937 516 1998 mndem
539 1938 651 2000 babeat
672 1939 828 2021 stylum*¹
851 1939 1080 2020 Hieronymus,
1103 1935 1151 2016 qui
1173 1935 1209 1995 de
1224 1931 1319 1993 Paulo
1341 1949 1429 2010 agens

259 2039 420 2125 addicite)
439 2041 643 2126 „Scripserat
656 2053 693 2107 ut
706 2047 874 2108 Hebraeus
890 2045 1047 2108 Hebraeis
1071 2043 1221 2112 hebraice,
1243 2040 1349 2114 idest,
1371 2055 1426 2098 suo

259 2141 380 2224 eloquio
396 2147 628 2224 dissertissimo,
644 2158 681 2213 ut
694 2170 731 2212 ea
747 2169 826 2230 quae
842 2149 1016 2230 eloquenter
1038 2151 1159 2231 scripta
1171 2147 1311 2229 fuerant
1323 2145 1361 2204 in
1375 2143 1426 2203 be-

259 2251 362 2325 braeo‚
388 2251 579 2332 eloquentius
603 2263 799 2319 naseuntur
822 2259 857 2319 in
878 2259 1064 2340 praecum;“
1092 2253 1302 2316 taenarum
1327 2245 1426 2328 paucis

190 2341 197 2354 ⁵
258 2353 433 2439 indicans:⁵)
450 2357 612 2443 ‚Scripsit
627 2361 699 2442 (scil.
710 2359 834 2447 Paulus)
845 2363 925 2425 banc
935 2361 1096 2446 epistolam
1112 2371 1149 2444 τῇ
1166 2355 1315 2440 Ἑβραίων
1331 2363 1425 2438 φωνῇ.

258 2459 367 2545 linpua
376 2465 532 2528 hebraica.
548 2466 671 2529 Ferunt
680 2477 786 2531 autem
798 2463 983 2532 Olementem
993 2489 1062 2531 eam
1071 2469 1313 2547 interpretatum
1324 2463 1423 2532 esse;“

257 2567 322 2629 dein
346 2571 532 2645 Eutbaliua
555 2569 752 2645 Primasiuu
780 2573 929 2648 doenum,
960 2575 1192 2644 Damascena,
1218 2567 1424 2660 Nicephorius,

257 2675 474 2752 oecumenius,
492 2675 739 2760 meoptptceua
761 2688 790 2739 et
813 2689 942 2741 auctores
964 2677 1206 2757 subscriptionum
1231 2673 1261 2734 in
1276 2669 1425 2735 nonnullis

256 2779 410 2842 codicibus.

345 2887 490 2950 Attamen
505 2890 742 2969 praecedentibus
764 2892 887 2954 saeculis
909 2891 1040 2954 nonnulli
1063 2901 1092 2952 et
1115 2885 1353 2951 nostro'sacoulo
1369 2887 1426 2946 fere

255 3011 355 3054 omnes
370 3013 436 3055 curn
452 2993 650 3056 Protestantes
666 3005 729 3057 tum
738 2995 881 3059 Catholici
898 2997 1071 3060 sententiam
1080 2997 1118 3057 de
1126 2992 1273 3056 aramaim
1282 2991 1425 3071 epistolae

255 3098 293 3157 ad
308 3098 460 3160 Hebraeos
475 3099 607 3180 originali
623 3101 775 3163 admittere
791 3102 894 3165 nolunt
902 3113 991 3182 atque
999 3121 1073 3182 opns
1088 3117 1188 3180 graece
1198 3105 1354 3159 exaratum
1364 3115 1426 3157 esse

255 3205 446 3280 contendunt3
461 3206 561 3266 dicunt
575 3205 667 3268 enim:

350 3324 382 3407 1)
397 3328 489 3390 Inoas
503 3329 543 3390 V.
559 3330 593 3390 T.
610 3329 640 3390 in
655 3331 711 3392 hac
730 3331 854 3410 epistola
871 3332 1031 3394 eversione
1046 3327 1249 3394 Alexandrina
1266 3325 1382 3388 laudari
1398 3333 1428 3386 et

256 3429 423 3510 scriptorem
438 3433 581 3496 interdum
600 3431 659 3517 (ex.
675 3453 715 3514 gr.
732 3437 770 3496 ΙΙ.
786 3438 873 3502 5-8
890 3437 939 3498 ubi
963 3434 1155 3498 Alexandrini
1171 3425 1289 3538 nssjbpp
1305 3441 1428 3494 vertunt
1544 3429 1545 3473 t

255 3553 378 3637 ἄγγελοι
384 3575 393 3629 ;
408 3555 449 3616 X.
465 3556 495 3621 5.
512 3555 561 3617 ubi
577 3567 675 3618 textus
691 3547 841 3620 hebraicus
856 3560 947 3621 habet
962 3578 1064 3666 7233]ss
1079 3582 1171 3638 aures,
1190 3565 1232 3626 uti
1242 3565 1335 3627 etiam
1345 3565 1427 3625 Vul-

255 3695 325 3766 gcts
340 3687 436 3760 vertit,
452 3705 554 3767 gisem
569 3707 637 3750 vero
652 3690 745 3752 versio
761 3703 857 3776 σῶμα,
873 3687 988 3772 corpus)
1003 3713 1040 3753 ex
1055 3694 1138 3756 istius
1163 3697 1304 3759 versionis
1327 3695 1427 3758 verbis
1542 3745 1543 3748 η

255 3811 273 3851 a
289 3801 372 3854 textu
388 3793 524 3854 hebraico
539 3793 768 3873 discrepantibus
783 3796 954 3870 ratiocinari,
970 3800 1046 3876 quod
1055 3799 1093 3860 sit
1102 3800 1293 3863 certissimum
1304 3821 1428 3882 gnaeum

345 4036 363 4105 ¹)
383 4037 472 4086 Betim
489 4037 588 4102 Proleg.
606 4038 632 4085 in
651 4051 689 4100 ep.
709 4039 740 4086 sd
759 4039 836 4087 Hebr.
856 4054 898 4103 qn.
918 4041 964 4089 Ill.
984 4057 1040 4108 pag.
1062 4043 1103 4094 18.

343 4124 363 4193 ²)
382 4123 475 4174 Eeeeeb.
495 4125 528 4173 Η.
547 4126 576 4174 Ε.
595 4124 641 4174 VI.
663 4123 703 4172 14.
741 4123 762 4190 ⁸)
782 4124 875 4174 Euam.
893 4126 927 4176 Η.
946 4127 974 4176 Ε.
993 4128 1039 4178 ΙΠ.
1058 4127 1100 4179 38.

340 4210 362 4279 ⁴)
380 4210 550 4278 Hieronymus
569 4218 617 4261 cat
635 4226 682 4260 rer.
701 4212 787 4262 coeles.
805 4226 826 4262 e.
847 4211 871 4260 ὅ.

340 4295 361 4367 ⁵)
380 4297 549 4349 Theodoritus
566 4299 691 4363 interpret.
709 4313 748 4364 ep.
766 4300 798 4349 sd
816 4299 892 4350 Hebr.
912 4315 1019 4364 prorem.
