3072 4882
237 211 281 274 94
704 211 828 276 mnam
846 212 881 262 v.
902 209 942 261 11.

238 405 355 446 causam
372 387 457 448 debet
473 407 528 448 nou
545 387 639 449 solum
656 406 707 468 pro
723 388 822 469 populi
839 387 971 469 peccatis,
988 386 1192 448 verumetiam
1215 402 1267 464 pro
1283 382 1344 444 suis
1359 385 1406 442 ot'-

241 491 313 553 ferre
329 493 508 555 sacrificium.
533 493 637 574 Neque
646 493 781 575 cuiquam
790 493 858 555 lieet
873 493 927 555 sibi
938 493 1011 554 illud
1021 511 1133 563 munus,
1149 489 1257 552 summi
1273 488 1411 550 nimirum

239 597 393 679 pontificis,
410 617 551 679 arrogare,
567 601 618 660 sed
641 601 689 680 qui
714 599 768 661 Dei
791 599 983 662 destinatione
1006 600 1073 660 huie
1095 596 1205 658 ruuueri
1228 597 1410 666 admovetur,

237 706 312 766 sicut
326 714 356 767 et
373 705 482 779 Aaron,
499 705 528 767 id
543 705 597 768 rite
613 705 790 787 adipiscitur.
815 707 864 770 Sia
879 727 930 769 nec
939 706 1072 768 Christus
1087 701 1143 766 sibi
1159 702 1214 784 ipsi
1236 701 1410 783 dignitatem

237 811 392 892 arrogavit,
408 822 441 873 ut
457 812 587 893 pontifex
603 813 692 886 lieret,
712 815 762 876 sed
785 813 865 875 Deus
895 831 962 874 eum
985 811 1147 894 pontificem
1172 807 1333 880 constituit,
1362 807 1411 888 qui

153 896 155 922 ⁹
238 917 314 979 dixit
329 903 367 979 ad
383 937 465 979 eum:
480 917 573 981 Filius
588 939 670 983 meus
691 940 722 982 es
742 929 784 993 tu,
808 940 860 1001 ego
881 917 967 982 hodie
989 917 1073 1000 genui
1096 927 1140 992 te3
1162 915 1412 997 quemadmodum

238 1023 328 1086 etiam
343 1023 373 1085 in
388 1023 447 1086 alio
463 1024 526 1087 loco
541 1025 649 1107 apertis
664 1026 760 1089 verbis
775 1025 934 1090 declaravit
948 1026 1060 1090 dicens:
1083 1035 1115 1086 tu
1130 1041 1263 1085 summus
1278 1019 1412 1102 pontifex

237 1149 268 1192 es
285 1140 441 1212 perpetuus
463 1132 502 1193 ad
525 1131 749 1195 Melchisedeohi
779 1131 928 1196 rationem.
969 1130 1102 1193 Christus
1123 1129 1271 1202 nimirum,
1295 1145 1365 1190 cum
1379 1145 1413 1188 eo

237 1247 374 1317 tempore,
390 1237 467 1316 quod
482 1255 598 1318 torpore
613 1238 730 1302 mortali
751 1237 869 1302 indutus
883 1235 1032 1318 transegit,
1055 1255 1152 1318 preces
1173 1233 1324 1316 snpplioes
1339 1236 1411 1305 Deo,

237 1343 286 1424 qui
302 1361 368 1404 eum
384 1351 481 1424 posset
495 1363 511 1404 e
527 1353 672 1424 potestate
686 1345 787 1407 mortis
802 1344 918 1426 eripere,
940 1363 1006 1406 cum
1029 1361 1134 1423 magno
1158 1341 1287 1403 clamore
1310 1349 1342 1402 et
1365 1341 1413 1402 la-

236 1447 333 1510 crimis
347 1448 510 1522 obtulisset,
531 1449 685 1513 exauditus
706 1460 751 1513 est
774 1461 891 1532 propter
912 1469 996 1512 suam
1019 1449 1160 1530 pietatem
1182 1463 1251 1528 erga
1274 1447 1413 1520 Patrem;

237 1563 267 1616 et
280 1554 416 1636 quamvis
430 1565 505 1616 esset
521 1539 613 1617 Filius
629 1555 692 1629 Dei,
708 1555 769 1638 pati
786 1567 884 1618 tamen
900 1555 987 1637 elegit
1001 1566 1032 1617 et
1046 1553 1178 1637 experiri,
1195 1572 1288 1634 quam
1303 1552 1345 1614 sit
1360 1570 1411 1613 ar-

237 1661 326 1722 duum
338 1663 481 1742 usquead
497 1673 619 1724 mortem
634 1662 757 1724 obedire.
788 1663 844 1724 Per
860 1661 1024 1743 passionem
1033 1679 1100 1742 ergo
1109 1662 1147 1722 ad
1157 1679 1307 1722 suurmaru
1316 1658 1413 1740 digni-

237 1776 329 1829 tatem
345 1777 375 1828 et
390 1766 558 1832 felicitatem
574 1777 697 1841 evectus,
714 1768 847 1831 omnibus
862 1767 917 1830 sibi
928 1765 1197 1850 suoqueevangelio
1207 1764 1414 1828 obedientibus

237 1891 325 1934 causa
340 1883 369 1934 et
384 1884 483 1936 auctor
499 1877 593 1936 factus
608 1884 653 1936 est
667 1873 772 1936 salutis
781 1883 924 1948 aeternae,
941 1885 1042 1956 utpote
1051 1874 1216 1936 declaratus
1231 1874 1326 1942 aDeo
1335 1889 1412 1951 pon-

237 1977 308 2040 tifex
323 1979 352 2040 in
368 1989 516 2041 aeteruum
532 1981 569 2042 ad
589 1979 729 2042 rationem
746 1979 977 2043 Melchisedechi.

737 2146 849 2202 sectio
873 2149 902 2202 2.

237 2241 486 2317 Similitudo,
510 2264 604 2324 quae
621 2244 1040 2308 interMelchisedechl
1064 2242 1412 2338 etChrlsti'sacer-

236 2348 384 2410 dotium
408 2349 638 2424 intercedit,
664 2368 719 2412 res
750 2363 808 2414 est
842 2351 1043 2432 explicatu
1068 2349 1268 2422 difficilis,
1293 2348 1414 2412 nihil-

531 2456 679 2518 omiuus
701 2466 829 2518 tamen
855 2459 1110 2538 proponenda.

651 2579 721 2661 usp.
738 2579 777 2646 v.
797 2580 937 2645 11-v1.
954 2584 982 2646 e.

325 2700 525 2762 Necessarium
542 2702 696 2763 videbatur
710 2703 851 2783 apostolo,
867 2703 916 2784 qui
932 2704 962 2765 iu
977 2701 1217 2764 antecedentibus
1239 2701 1414 2764 declarave-

236 2815 290 2878 rat,
305 2805 452 2868 Christum
476 2806 559 2886 longe
587 2808 825 2887 praestantiorem
848 2829 910 2870 esse
932 2809 1097 2890 pontificem
1116 2827 1207 2888 quam
1230 2807 1414 2870 Judaeomm

237 2910 393 2991 pontifices,
408 2911 613 2973 accuratiorem
629 2913 736 2975 Christi
759 2933 823 2975 cum
839 2913 1072 2977 Melchisedecho
1096 2913 1351 2994 coruparatiouem
1367 2913 1414 2974 in-

236 3015 362 3076 stituere.
392 3017 478 3079 Hauc
496 3035 596 3079 revera
621 3015 747 3080 instituit
768 3040 830 3100 eap.
853 3022 924 3082 Vll.
955 3020 1043 3083 Nunc
1065 3029 1175 3092 autem,
1199 3027 1234 3081 ut
1255 3021 1297 3081 ad
1313 3029 1414 3082 atten-

236 3118 338 3182 tiorem
353 3139 459 3195 eorum,
475 3141 549 3203 quae
564 3123 690 3186 dicturus
706 3135 789 3197 esset,
805 3125 1060 3188 considerationem
1078 3125 1200 3188 lectores
1215 3125 1337 3198 excitet,
1357 3127 1414 3187 hac

236 3223 267 3286 iu
282 3224 404 3287 sectione
419 3228 575 3306 profitetur,
591 3248 622 3290 se
631 3247 690 3290 rem
702 3241 943 3309 pertractaturum
958 3251 1021 3292 esse
1030 3230 1110 3312 ipsis,
1126 3230 1238 3312 quippe
1247 3230 1301 3313 qui
1311 3251 1415 3312 segnes

241 3328 300 3390 sint
314 3331 352 3392 ad
367 3329 540 3406 discendum,
556 3334 702 3414 explicatu
717 3335 871 3409 difficilem,
888 3347 917 3397 et
933 3337 1021 3417 paulo
1043 3336 1176 3398 acerbius
1198 3354 1302 3399 eorum
1320 3336 1414 3400 tardi-

237 3442 328 3496 tatem
344 3435 472 3516 castigat.

327 3559 354 3600 v·
373 3543 421 3614 11.
438 3540 513 3626 Περὶ
529 3540 565 3607 ob
580 3548 676 3618 πολὺς
686 3545 755 3632 ἡμῖν
771 3545 786 3609 ὁ
804 3550 895 3628 λόγος
911 3553 963 3614 καὶ
973 3549 1210 3636 δυςερμήνευτος
1220 3552 1334 3631 λέγειν,
1351 3547 1415 3614 ἐπεὶ

237 3648 352 3729 νωθροὶ
367 3645 504 3726 γεγόνατε
520 3660 584 3721 ταῖς
599 3648 716 3723 ἀκοαῖς.
733 3687 772 3696 -
791 3654 825 3713 ln
841 3653 972 3734 proxime
981 3655 1156 3733 antegressis
1172 3657 1210 3717 ds
1218 3655 1415 3719 similitudine

236 3749 310 3812 inter
325 3749 472 3812 Obristum
488 3765 517 3813 et
534 3754 795 3818 Melchisedeohum
811 3758 1001 3821 intercedente
1023 3777 1118 3822 sermo
1140 3769 1222 3832 matt
1249 3762 1414 3824 rectissime

237 3853 324 3935 igitur
339 3856 467 3936 plerique
482 3857 651 3938 interpretes
667 3865 733 3945 περὶ
749 3859 784 3926 ob
800 3865 836 3924 ad
846 3883 961 3926 ornnem
974 3863 1180 3928 tractationem
1189 3867 1416 3940 instituendam,

239 3959 277 4020 ad
292 3957 507 4023 similitudinem
517 3965 668 4026 sacerdotii
677 3965 898 4031 Melchisedechi
909 3989 974 4032 cum
984 3971 1144 4034 sacerdotio
1153 3971 1268 4034 onusti
1276 3976 1416 4044 referunt,

239 4071 272 4121 ut
287 4065 357 4125 adeo
372 4069 437 4148 περὶ
453 4064 489 4131 ob
499 4069 673 4130 reddendum
683 4070 735 4132 sit:
751 4092 810 4152 qua
825 4075 860 4136 de
875 4093 913 4135 re.
931 4111 972 4120 —-
988 4079 1087 4151 πολὺς
1101 4075 1174 4166 ἡμῖν
1190 4075 1325 4162 ὁλλόγος
1339 4079 1416 4165 (scil.

238 4161 329 4247 ἐστίν)
344 4169 453 4228 multus
469 4172 560 4246 nobis,
575 4193 625 4234 seu
636 4174 731 4254 potius
745 4177 818 4240 milri
827 4197 920 4241 sermo
930 4189 984 4254 est,
1001 4181 1133 4244 nilaliud
1142 4182 1200 4245 sibi
1210 4185 1290 4258 vult,
1305 4205 1414 4268 quam:
