3094 4892
282 325 328 394 ω
602 323 691 386 Eme
705 320 739 372 Π.
754 318 811 378 rae
828 321 944 388 penpltr.
963 322 997 374 ll.
1018 321 1132 375 ill-18.

628 389 640 416 l

282 499 1464 584 mutemerirtipneoeserautetcumeaconinnctseerant-Deus

281 607 1463 696 diciturbomiueampdtaacumeosmalisetcalamimtibnsaffidtsd

283 718 463 802 probandam
487 727 517 778 et
537 717 763 797 cognoscendam
785 733 884 778 eorum
906 713 1044 778 virtutem
1065 726 1156 797 atque
1177 717 1400 794 mnuautiam
1423 718 1463 780 sic

281 821 1081 906 Quamquoqoetsotauaiamalisateausese
1102 843 1141 885 ex
1165 835 1462 905 quocognosceretur
1521 851 1522 882 l

280 945 312 998 a
326 929 755 1002 marmandam,
770 929 935 992 ammos
949 939 979 991 e
995 930 1162 993 sacena
1186 928 1256 1014 (tv,
1269 932 1338 1011 15.;
1354 931 1397 996 v.
1408 930 1460 1016 s).

281 1037 363 1112 fluia
378 1035 661 1118 veroOlnrimipse
674 1035 978 1117 malaperpessusest,
993 1037 1459 1100 estidoueusadsuccurreudum
1521 1061 1522 1118 l

282 1145 454 1236 (βοηθῆσαι
468 1145 690 1224 aequomque
704 1141 816 1205 auxilio
830 1140 940 1205 Christi
954 1143 1055 1206 divino
1075 1143 1297 1225 intelligendum
1313 1143 1379 1228 eat)
1397 1157 1459 1218 τοῖς
1521 1143 1522 1218 l

285 1259 520 1339 πειραζομένοις,
543 1249 588 1324 ills
610 1249 661 1332 qui
691 1247 825 1312 similiter
845 1249 1066 1312 calamitatibus
1086 1259 1248 1326 versutum
1270 1271 1361 1313 nemo
1383 1253 1459 1314 euim
1521 1295 1522 1298 ,

283 1359 377 1441 ιιιιςὶε
391 1359 513 1422 alterius
527 1355 643 1419 miseria
657 1355 795 1438 tangitur,
810 1375 900 1438 quam
914 1356 965 1438 qui
980 1356 1043 1438 ipse
1058 1357 1137 1418 mala
1153 1357 1282 1438 pertulit.
1521 1339 1522 1346 ἵ

692 1535 1041 1616 Parsphrasis

698 1674 770 1758 Cap.
783 1677 822 1741 ll.
831 1695 880 1738 vv.
893 1677 1031 1744 10-18.

369 1821 500 1885 Docebat
514 1817 591 1884 cuim
606 1817 701 1882 Deum
717 1827 839 1901 patrem,
855 1818 936 1882 cuius
950 1835 1039 1882 causa
1052 1827 1083 1880 et
1093 1836 1145 1901 per
1158 1839 1246 1902 quem
1260 1819 1364 1883 omnia
1379 1835 1457 1894 suut,
1521 1811 1522 1856 l

280 1947 345 1994 cum
361 1927 437 1993 lilios
444 1926 600 1990 multoead
611 1923 779 1988 felicitatem
794 1926 947 2007 perducere
961 1925 1142 2000 decrevisset,
1157 1927 1236 1990 huuc
1244 1926 1358 1991 lilium
1368 1951 1455 1992 sunm
1521 1947 1522 1950 ’

281 2035 387 2101 salutis
403 2051 501 2096 eorum
517 2041 662 2096 auctorem
680 2049 731 2114 per
746 2031 917 2096 afflictiones
932 2031 1083 2114 ipsamque
1098 2050 1210 2096 crucem
1226 2035 1265 2097 ad
1283 2033 1412 2115 gloriam
1428 2047 1456 2098 et

282 2141 451 2208 felicitatem
467 2157 612 2203 summam
637 2139 774 2216 evehere;
796 2139 902 2202 etenim
925 2139 1094 2202 sactificans
1113 2150 1143 2203 et
1164 2140 1214 2222 qui
1236 2141 1457 2206 sanctificantur

281 2252 387 2314 abaco
397 2255 489 2330 patre,
504 2247 602 2321 aDeo,
612 2255 708 2309 ortum
717 2247 844 2324 babent}
860 2263 1015 2328 quareuou
1024 2245 1080 2308 sibi
1089 2247 1219 2310 dedecori
1228 2248 1309 2310 ducit
1318 2247 1455 2313 Christus
1521 2305 1522 2318 ,

280 2355 414 2422 homiues
428 2352 578 2436 appellare
593 2353 696 2416 fratres
711 2373 787 2428 suos,
809 2353 944 2434 quamvis
966 2352 1001 2414 iis
1021 2351 1081 2416 imo
1096 2363 1126 2416 et
1149 2353 1261 2436 augelis
1284 2354 1454 2439 longissime

280 2461 447 2536 antecellat,
469 2459 566 2524 diceus
588 2477 636 2524 ore
657 2459 796 2524 Davidis:
820 2459 960 2523 nuntiabo
982 2479 1086 2522 nomeu
1109 2469 1193 2522 tuum
1207 2461 1348 2524 fratribus
1372 2467 1453 2540 meis,
1521 2459 1522 2506 l

279 2571 309 2636 iu
324 2567 564 2634 medioeccleriae
573 2567 700 2631 laudabo
709 2577 753 2643 ta;
768 2577 799 2630 et
807 2585 904 2630 rursus
919 2566 949 2630 in
958 2567 1018 2630 alio
1033 2567 1095 2631 loco
1103 2567 1235 2632 Jesaiae:
1251 2589 1303 2651 ago
1318 2579 1353 2632 ut
1362 2571 1453 2636 homo

279 2679 309 2743 iu
324 2673 454 2742 adversis
468 2673 604 2738 fiduciam
626 2693 722 2737 meam
745 2693 852 2756 pouam
875 2673 904 2736 iu
924 2693 975 2748 e0;
996 2673 1114 2737 deinde:
1136 2696 1189 2758 ego
1210 2677 1273 2739 Deo
1295 2677 1451 2753 confidam,

278 2805 331 2870 ago
345 2794 376 2848 et
390 2781 482 2857 liberi,
497 2801 570 2864 quos
586 2779 658 2844 mihi
673 2781 754 2843 Deus
769 2779 857 2842 dedit.
895 2777 1043 2850 Quoniam
1067 2781 1154 2864 igitm
1175 2781 1307 2846 homines
1329 2787 1451 2848 mortali

276 2909 393 2976 corpore
404 2887 532 2973 praediti
547 2897 623 2961 sunt,
638 2885 773 2950 Christus
787 2906 901 2968 quoque
916 2887 1044 2950 eiusdem
1054 2888 1179 2970 corporis
1192 2887 1339 2972 particeps
1353 2892 1451 2955 factus
1521 2863 1522 2898 i

276 3009 329 3072 est,
345 3009 378 3060 ut
392 3005 484 3060 morte
498 2995 650 3057 subeundo
669 2993 699 3056 vi
715 2993 843 3074 privaret
856 3013 932 3067 eum,
954 2994 1003 3074 qui
1019 2993 1120 3058 mortis
1141 2995 1294 3076 imperium
1317 2999 1450 3072 tenebat,
1521 3057 1522 3064 a

275 3103 384 3170 scilicet
404 3101 552 3184 geniomm
576 3101 720 3164 malomm
753 3099 931 3182 principem·
961 3109 991 3162 et
1014 3111 1046 3164 ut
1068 3101 1205 3164 liberaret
1233 3103 1375 3178 homiues,
1398 3105 1449 3186 qui
1521 3125 1522 3184 j

275 3209 377 3276 mortis
397 3207 567 3290 temporalis
590 3217 620 3270 et
634 3211 769 3270 atteruae
784 3216 863 3269 metu
885 3206 1017 3270 servituti
1030 3193 1123 3270 'erunt
1144 3207 1270 3271 obnoxii.
1309 3207 1449 3273 Christus

273 3317 351 3382 enim
366 3325 441 3380 certe
456 3333 513 3376 uon
528 3313 647 3396 augelis,
663 3315 714 3376 sed
730 3313 896 3376 hominibus
910 3333 995 3394 opem
1018 3315 1101 3390 tulit;
1127 3332 1216 3396 quare
1237 3316 1366 3378 debebat
1382 3317 1446 3378 fra-
1521 3311 1522 3384 i

272 3423 375 3498 tribus,
389 3421 495 3505 quibus
509 3419 652 3483 auxilium
668 3419 836 3493 terevoluit,
850 3419 928 3482 omui
943 3441 981 3483 ex
990 3431 1073 3503 parte
1082 3421 1186 3484 similis
1195 3419 1264 3495 fieri,
1280 3431 1314 3484 ut
1324 3423 1445 3504 propria
1521 3501 1522 3504 Ἴ

272 3527 452 3612 experientia
465 3527 502 3590 de
518 3527 649 3589 humana
663 3525 815 3588 debilitate
830 3533 860 3588 et
874 3527 1032 3608 fragilitate
1047 3529 1165 3590 edoctus
1187 3527 1349 3591 misericors
1364 3541 1444 3592 esset
1521 3531 1522 3592 l

271 3647 302 3700 et
316 3634 394 3700 omui
409 3633 505 3697 studio
520 3653 554 3696 co
568 3632 625 3695 fide
640 3631 783 3714 pontificis
806 3651 923 3696 munere
944 3635 1160 3716 perfungeretur
1182 3633 1212 3696 iu
1227 3635 1271 3708 iis,
1294 3655 1371 3716 quac
1387 3637 1444 3697 Dei
1521 3653 1522 3656 ¹

270 3743 382 3808 cultum
397 3740 530 3813 attinent,
546 3749 581 3802 ut
596 3738 703 3802 scilicet
718 3749 838 3821 peccata
847 3749 948 3804 nostra
962 3740 1094 3822 expiaret
1103 3745 1257 3822 Deumque
1272 3741 1357 3803 nobis
1371 3761 1444 3822 pro-
1521 3779 1522 3792 κ

270 3849 375 3934 pitinm
397 3847 535 3924 redderet
584 3845 641 3909 Per
673 3847 727 3910 hoc
760 3845 847 3923 enim,
881 3848 959 3929 quod
981 3846 1099 3929 ipsimet
1131 3847 1250 3928 contigit
1282 3846 1442 3910 calamita-
1521 3919 1522 3922 Ἴ

269 3957 348 4019 tibus
362 3957 498 4017 obrutum
513 3951 609 4029 fuisse,
624 3951 743 4018 idoneus
758 3955 852 4018 factus
875 3964 920 4018 est
934 3956 972 4016 ad
987 3956 1207 4016 succurrendum
1223 3953 1268 4026 iis,
1289 3953 1338 4034 qui
1355 3953 1441 4016 simi·
1521 4025 1522 4058 1

268 4061 335 4125 liter
348 4057 567 4124 calamitatibus
581 4069 734 4125 vemutur.
1357 4062 1360 4066 ’
1521 4061 1522 4076 ’
