3112 4878
593 309 633 363 De
651 318 749 378 auctore
767 311 889 378 epintclpp.
1280 309 1321 374 ll

158 484 245 574 Panli
261 488 399 572 epistolas
421 491 451 553 in
473 493 558 562 modo
579 509 625 555 res
646 491 848 573 pertractandi,
871 489 982 563 ratione
1009 487 1239 581 aggumeutandi
1261 495 1323 552 tota

158 587 317 664 elocutione
327 607 356 660 et
364 616 465 690 graeco
473 600 551 680 stylo
560 599 725 670 intercedat,
735 599 867 679 quodque
876 596 1026 674 discrimen
1035 593 1172 690 (testibus
1180 595 1324 678 Omanae,

157 698 348 780 Parmenio,
358 708 563 789 Hieronymo,
580 705 756 779 Prdmcaa‘o,
774 703 899 770 Isidoro
915 699 1117 793 nepetae)
1138 699 1197 764 ium
1213 708 1324 762 veteres

162 807 385 874 observaverint.
393 810 417 895 ¹)
437 850 473 858 -
491 811 618 876 Omnino
632 812 747 892 quidem
762 811 906 874 invenitur
919 810 950 873 in
971 813 1027 874 hae
1041 808 1164 892 epistola
1175 805 1327 890 ¹diligentia

157 917 303 1000 quaedem
319 929 349 979 et
363 919 508 998 elegantia
523 929 683 980 structurae
699 928 728 980 et
743 919 884 982 oratorius
899 916 1037 994 sermonis
1052 917 1180 989 habitus,
1202 936 1261 996 quc
1276 933 1323 978 re-

160 1020 254 1100 liquas
269 1036 387 1109 superat
402 1026 487 1088 Pauli
504 1026 657 1107 epistolae
680 1035 730 1097 ¹aet
752 1027 969 1107 perpendendus
989 1033 1042 1098 est,
1066 1025 1213 1095 character
1238 1021 1324 1096 huius

158 1127 260 1206 operis,
276 1129 325 1210 qui
340 1151 396 1194 non
407 1141 468 1196 tam
478 1131 641 1213 epistolaris
650 1142 703 1205 est,
719 1152 806 1216 quam
819 1131 915 1212 potius
925 1140 1068 1198 tractatus
1077 1130 1180 1194 emditi
1196 1128 1322 1194 indolem

158 1233 315 1312 exhibens3
331 1257 469 1318 magnum
485 1259 599 1321 quoqne
613 1239 765 1304 discrimen
780 1238 930 1318 intercedit
944 1237 1019 1300 inter
1028 1237 1169 1306 Paulines
1184 1234 1322 1316 epistulas

158 1351 189 1400 et
203 1341 371 1418 oraticnem,
387 1365 476 1428 quam
491 1347 604 1409 Paulus
618 1365 715 1410 coram
731 1347 825 1410 Felice
840 1355 1022 1428 procreatore
1040 1354 1074 1408 et
1089 1343 1231 1430 Agrippa
1255 1359 1320 1422 rege

158 1445 325 1522 Caesareae,
350 1462 380 1512 et
404 1472 493 1532 quam
508 1453 635 1516 Athenis
659 1453 689 1515 in
713 1471 856 1534 areopago
880 1451 992 1514 habuit.
1023 1449 1152 1522 Accedit,
1177 1449 1253 1536 quod
1277 1447 1322 1510 vis

158 1553 246 1616 huius
260 1558 423 1636 argumenti
438 1579 458 1620 a
472 1559 612 1621 scribendi
634 1561 727 1622 forma
749 1559 842 1640 petiti,
865 1558 932 1630 lieet
954 1555 1124 1638 gravissimi,
1143 1564 1249 1648 ,sponte
1269 1575 1324 1626 aua

157 1660 290 1735 concidit,
307 1662 330 1724 si
347 1665 511 1739 assumitur,
527 1666 696 1746 originalem
718 1664 858 1746 epistolae
873 1666 912 1726 ad
927 1665 1077 1725 Hebraeos
1093 1662 1223 1742 linguam
1237 1662 1323 1723 fnisse

158 1767 344 1842 aramaieam,
359 1769 499 1850 ignotum,
514 1781 562 1834 ast
577 1773 693 1852 linguae
703 1790 821 1852 graecae
836 1772 908 1832 bane
924 1769 1048 1852 peritum
1057 1768 1152 1842 virum
1167 1767 1250 1842 illam
1261 1767 1323 1832 elo·
1360 1843 1365 1851 Ι

157 1872 293 1952 quentius
308 1874 337 1936 in
353 1894 484 1958 graecam
501 1878 692 1954 transtulisse,
708 1889 738 1940 et
748 1875 796 1962 (ut
804 1878 906 1942 Verba
915 1876 1108 1958 Hieronymi
1123 1873 1152 1936 in
1162 1872 1323 1954 catatript.

157 1978 223 2040 eccl.
239 1999 262 2041 c
278 1981 308 2048 5.
325 1992 424 2044 nostra
439 1983 592 2068 faciamus)
609 1985 685 2058 banc'
699 2004 761 2046 esse
777 2002 905 2055 causam,
921 1983 997 2063 quod
1012 1979 1142 2058 aectoris
1159 1979 1244 2050 Pauli
1259 1978 1323 2062 epi-

156 2085 239 2147 stolis
254 2086 415 2168 discrepare
431 2089 570 2155 videatur.

245 2193 371 2282 Paulina
392 2194 490 2276 igitur.
503 2195 643 2278 epistolae
667 2199 706 2272 ad
727 2199 878 2260 Hebraeos
899 2196 976 2275 origo
999 2193 1119 2256 internis
1146 2191 1322 2274 argumentis

156 2297 247 2360 selide
262 2299 425 2380 impugnari
441 2302 548 2383 nequit.

157 2476 344 2538 Rationes
360 2489 628 2560 externaepro
651 2481 763 2543 huius
779 2480 967 2561 epistolae
989 2479 1132 2559 origiue
1149 2477 1322 2544 Paulina.

245 2615 389 2688 Quamvis
405 2621 535 2683 nonnulli
558 2621 628 2684 clim
644 2623 824 2696 Latinorum,
848 2621 967 2703 quiade
988 2631 1103 2683 auctore
1125 2618 1323 2698 ambigebant,

155 2723 310 2804 epistolam
326 2727 363 2788 ad
379 2728 529 2790 Hebraeos
545 2749 602 2792 non
618 2730 784 2812 receperint
800 2739 898 2792 tamen
913 2730 952 2798 ab
967 2727 1049 2790 initio
1073 2725 1221 2806 scripturis
1234 2724 1322 2798 sceris

154 2832 349 2894 adnumerata
363 2833 426 2896 luit,
457 2835 573 2898 Etenim
595 2835 625 2898 in
647 2837 781 2898 omnibns
802 2834 930 2898 Orientis
944 2844 974 2895 et
988 2832 1129 2896 Graeciae
1151 2831 1275 2900 eeclesiis
1290 2840 1323 2892 nt

153 2937 291 3000 canonica
313 2949 447 3021 suscepta
466 2941 522 3002 fuit
544 2951 574 3003 et
588 2963 607 3004 a
623 2941 766 3023 plerisque
786 2941 920 3022 patribus
941 2939 1094 3003 occidentis
1115 2949 1203 3020 atque
1218 2957 1237 2998 a
1252 2957 1322 2999 con-

153 3041 228 3104 ans
242 3043 308 3106 nm
324 3045 405 3107 narn
420 3047 508 3109 ears
523 3047 667 3110 arcanea.
791 3033 794 3038 '

242 3151 307 3213 Hoc
322 3151 415 3214 elucet
430 3173 467 3214 ex
482 3154 682 3236 sequentibus:

247 3254 280 3340 1)
295 3261 513 3338 Antiquarum
528 3261 572 3322 cd
587 3261 668 3326 lorea
683 3263 779 3326 boica
794 3259 943 3344 epistolae
958 3260 1139 3334 allusiones,
1154 3277 1237 3336 quac,
1256 3256 1322 3322 lieet

153 3382 212 3424 non
227 3363 352 3426 audonis
366 3384 480 3438 nomen,
495 3375 594 3430 tamen
603 3377 748 3430 maturam
764 3367 843 3430 illins
852 3365 1036 3431 existentiam
1051 3383 1086 3431 ac
1095 3381 1247 3435 summam,
1263 3383 1322 3443 qua

153 3467 255 3548 primis
270 3469 371 3530 statim
393 3471 458 3532 fidei
481 3472 666 3552 temporibus,
682 3473 711 3534 in
733 3473 798 3554 ipsa
813 3492 926 3553 qnoque
941 3472 1077 3533 Romana
1097 3468 1224 3553 ecelesia,
1246 3487 1320 3548 geu-

153 3575 251 3648 debat,
279 3576 480 3638 auctoritatem
506 3577 578 3639 satis
602 3588 807 3640 contestantur.
861 3577 909 3642 Sic
931 3577 1111 3660 Glcmwntcm
1133 3575 1319 3638 Romanam

151 3683 278 3762 integras
294 3684 463 3757 sententias,
479 3705 554 3765 quae
570 3706 607 3746 ex
622 3682 747 3766 epistola
766 3687 804 3746 ad
819 3687 970 3748 Hebraeos
990 3683 1097 3764 petitae
1119 3689 1195 3754 sunt,
1218 3689 1319 3760 protu-

153 3787 220 3850 lisse
236 3797 266 3848 et
279 3789 429 3864 formulas,
445 3809 519 3871 quae
534 3791 565 3854 in
580 3811 616 3856 ea
631 3801 789 3866 occurrunt,
804 3790 981 3864 adhibuisse,
996 3789 1055 3855 ian
1070 3798 1181 3851 veteres
1196 3783 1320 3870 (Eure-

151 3894 223 3956 ὀίω
245 3904 274 3957 ct
296 3894 560 3980 marcennaco)
582 3908 776 3978 agneramnt3
797 3907 943 3960 auctorem
964 3895 1079 3976 quidem
1099 3913 1158 3956 non
1180 3891 1319 3964 nominat,

250 4067 269 4138 ¹)
289 4069 410 4138 &dcc
427 4089 467 4142 ap.
486 4073 576 4140 eget.
596 4074 630 4126 n.
649 4075 677 4126 n
697 4074 744 4127 vn
763 4071 820 4132 aa,
840 4073 1001 4128 emnam·
1019 4071 1049 4126 ce
1067 4071 1133 4132 narr.
1153 4063 1241 4125 esca
1260 4064 1320 4116 na

154 4173 278 4230 rcpynns
296 4167 344 4210 oct
363 4176 384 4210 c.
403 4177 448 4212 scr.
468 4178 489 4214 c.
511 4160 550 4220 5.;
574 4161 724 4219 Rdmccdur
741 4163 818 4228 praef.
837 4177 899 4212 com.
925 4163 951 4210 in
973 4174 1011 4224 ep.
1039 4159 1070 4208 nd
1089 4156 1180 4218 Hebr,;
1206 4153 1321 4214 laidem

149 4244 224 4314 Hiep.
244 4249 305 4316 orig.
324 4249 341 4296 l.
361 4249 408 4298 VI.
427 4264 448 4299 c.
468 4247 493 4298 2.

240 4338 262 4401 ⁹)
280 4335 408 4406 ΜΝ
425 4338 472 4404 (H.
489 4339 519 4388 Ε·
536 4339 585 4402 ωε
602 4335 656 4407 38·)
668 4339 699 4402 do
717 4337 838 4390 Clemente
850 4339 963 4394 mnam
982 4338 1088 4392 fatetur:
1109 4334 1157 4396 ‚ln
1175 4352 1228 4406 gun
1248 4335 1309 4404 (epb
