3096 4886
412 331 538 397 Exposilio
555 331 587 384 X.
608 331 665 391 18.;
683 332 799 397 paraphr.
816 332 849 384 X.
866 348 906 382 vr.
927 331 1023 384 1-18.
1239 329 1305 402 165

135 511 222 594 plura
239 530 276 574 ex
291 509 420 574 Jeremia
435 510 454 572 l.
472 531 494 573 c.
511 509 619 574 omissa
634 520 710 586 sunt
733 513 783 574 sed
799 511 888 574 etiam
904 520 1064 595 propterea,
1087 510 1156 595 quia
1176 509 1308 593 inprimis

135 619 193 680 hac
208 617 314 680 ultima
328 616 457 680 vaticinii
472 625 556 698 parte
571 637 598 682 v.
617 619 667 684 14.
682 617 759 680 dicta
774 620 1007 699 comprobantur.
1049 673 1055 688 ,

226 743 256 786 v.
274 725 323 790 18.
334 719 436 790 ‘'Ocoo
453 726 485 790 δὲ
501 724 608 812 ἄφεσις
623 729 744 798 codrot,
770 722 870 792 οὐκέτι
884 729 1044 814 προςφορὰ
1066 729 1132 810 περὶ
1147 724 1305 812 ἁμαρτίας.

135 866 180 878 -
196 831 284 893 Nunc
298 829 450 911 apostolus
465 840 684 912 argumentatur
704 852 741 893 cx
763 831 940 912 praemissis:
962 852 1063 894 sensns
1077 841 1137 894 est:
1160 830 1219 894 Ubi
1238 850 1307 912 pec-

134 946 269 1002 catorum
284 937 370 1000 venia
386 937 479 1000 locum
488 938 589 1012 habet
604 957 680 1019 quae
694 938 794 1020 utique
803 939 898 1002 locum
913 939 1021 1001 habere
1036 940 1131 1012 debet,
1147 937 1216 1020 quia
1225 939 1305 1002 Deus

134 1043 213 1118 dicit,
229 1064 259 1106 se
274 1063 332 1106 non
348 1044 475 1126 amplius
489 1053 671 1124 peccatorum
694 1065 729 1108 ac
741 1045 913 1108 delictorum
934 1046 1084 1120 recordari,
1106 1045 1147 1108 ibi
1169 1043 1306 1108 sacrificio

135 1149 264 1232 amplius
279 1152 318 1213 ad
333 1160 452 1232 peccata
467 1150 614 1232 expianda
635 1171 692 1214 non
707 1171 780 1232 opus
796 1161 847 1216 est.
879 1149 1013 1214 Christus
1032 1151 1122 1214 semel
1143 1160 1260 1214 tantum
1274 1171 1305 1214 se

134 1258 251 1330 obtulit,
267 1257 385 1339 eiusque
400 1257 530 1338 expiatio
544 1257 626 1320 valet
640 1257 670 1320 in
685 1267 843 1320 aeternum.
853 1293 897 1326 —.
906 1257 1012 1324 Multo
1026 1260 1246 1342 praestantius
1261 1267 1307 1324 cot

131 1367 239 1446 itaque
256 1362 374 1430 carati
387 1365 583 1444 samonum
598 1367 765 1448 oocmficiia
780 1365 987 1434 Judaeomm.

220 1471 317 1533 Versu
332 1473 388 1535 hoc
396 1473 473 1555 finit
494 1471 657 1555 apostolus
674 1481 802 1555 pmtcm
825 1472 974 1556 epistolae
995 1473 1208 1556 dopmota'ucm
1230 1470 1305 1534 siout

131 1587 162 1640 et
178 1578 692 1660 illeophydrotuoobservatdiecns:
710 1577 877 1654 ,ἀναπαὺει
893 1583 946 1665 μὲν
957 1583 1007 1644 τὸν
1023 1579 1202 1664 &oppansam
1212 1579 1304 1659 λόγον

133 1683 234 1757 διδοὺς
245 1682 413 1750 ἀναπαῦσαι
422 1697 462 1770 τῷ
472 1683 620 1771 ἀκροατῇ,
630 1681 673 1758 εἰς
683 1689 716 1750 τὸ
723 1682 834 1772 ἠθικὸν
842 1684 874 1750 δὲ
891 1687 1059 1771 μεταβαίνει
1074 1680 1303 1768 coauctam:

542 1860 891 1944 Paraphrasis

510 2000 583 2086 (lap.
623 2002 665 2066 X
708 2023 756 2066 vv.
802 2004 918 2070 1-18.

222 2145 297 2208 (lum
312 2145 389 2208 enim
405 2146 454 2208 lex
475 2146 581 2208 umbra
602 2153 719 2209 tantum
743 2146 783 2208 sit
806 2147 968 2212 futurorum
990 2146 1139 2220 bonorum,
1161 2165 1219 2208 non
1234 2162 1302 2208 vero

132 2253 198 2336 ipsa
213 2253 310 2334 imago
324 2272 427 2327 mmm,
443 2251 588 2316 sacrificiis
603 2252 663 2316 suis
678 2252 884 2336 piacularibus,
907 2273 982 2334 quae
1004 2252 1158 2334 quotannis
1179 2253 1241 2315 sine
1256 2251 1304 2315 in-

133 2360 313 2424 termissione
336 2361 501 2434 offeruntur,
526 2379 583 2422 non
613 2369 709 2440 potest
737 2359 869 2424 homines
892 2361 987 2422 Deum
1012 2362 1152 2422 adeuntes
1179 2361 1304 2442 perfecte

132 2467 259 2549 expiare.
292 2465 324 2528 Si
349 2467 398 2528 lex
418 2465 562 2528 sacrificiis
584 2465 644 2528 suis
666 2466 784 2547 plenam
806 2475 990 2548 peccatorum
1011 2467 1128 2528 veniam
1152 2465 1303 2530 conciliare

131 2573 284 2656 potuisset,
314 2593 408 2634 noune
433 2571 585 2635 desiissent
606 2572 710 2648 offerri,
738 2582 891 2654 propterea
915 2575 992 2654 qnod
1021 2573 1137 2636 cultum*
1156 2572 1303 2647 facientes,

129 2681 219 2742 semel
235 2679 354 2761 expiati,
370 2680 452 2742 nulla
467 2678 594 2760 amplius
609 2689 793 2760 peccatorum
808 2680 982 2743 conscientia
997 2680 1203 2742 turbarentur?
1234 2681 1298 2742 Imo

129 2805 198 2849 vero
221 2787 286 2848 istis
308 2785 461 2858 sacrificiis,
484 2785 597 2867 quoties
618 2796 795 2867 repetuntur,
816 2785 976 2849 recordatio
997 2786 1177 2848 instauratur
1198 2803 1301 2866 pecca-

128 2905 239 2969 torum3
255 2911 324 2954 nam
340 2891 401 2954 lieri
416 2892 498 2954 nullo
512 2901 599 2972 pecto
614 2901 719 2974 potest,
739 2902 773 2954 nt
788 2893 927 2974 sangnine
949 2902 1097 2955 taurorum
1113 2902 1143 2954 et
1158 2892 1301 2955 hircorum

129 3001 300 3081 impetretur
330 3007 511 3080 peccatorum
540 2998 635 3062 venia
672 2995 859 3080 Quapropter
887 2998 1019 3073 Messias,
1048 3019 1137 3080 quum
1161 3001 1300 3062 mundum

132 3105 242 3186 ingredi
258 3105 356 3179 vellet,
372 3104 461 3167 dixit:
477 3104 616 3168 sacrificia
631 3105 762 3169 levitica
777 3105 839 3167 sive
854 3115 972 3168 cruenta
994 3105 1055 3167 sive
1076 3105 1225 3170 incruenta
1246 3106 1301 3169 tibi

130 3233 187 3275 non
205 3213 337 3294 placent3
352 3229 455 3293 corpus
470 3220 568 3273 autem
585 3213 694 3293 aptasti
716 3211 797 3285 mihi,
813 3220 847 3273 ut
861 3211 1006 3274 voluntati
1029 3221 1097 3274 tuae
1118 3214 1301 3296 obsequendo

131 3340 178 3380 me
194 3318 290 3399 ipsum
305 3335 357 3399 pro
372 3317 470 3380 hostia
484 3318 631 3392 offerrem;
647 3317 816 3380 holocausta
833 3316 910 3380 enim
924 3317 1107 3401 reliquasque
1123 3318 1234 3381 hostias
1249 3336 1301 3400 pro

131 3425 285 3507 expiandis
307 3423 458 3486 hominum
481 3423 606 3505 peccatis
627 3423 720 3485 offerri
742 3424 844 3486 solitas
869 3443 928 3486 non
948 3423 1088 3505 probasti.
1124 3425 1202 3487 llum
1222 3423 1301 3488 dixi:

132 3552 195 3595 ecce
211 3540 331 3612 paratus
347 3550 412 3592 sum
427 3539 460 3591 ut
475 3529 584 3614 (prouti
605 3529 635 3590 in
658 3529 732 3592 libro
756 3529 828 3610 legis
849 3531 885 3593 de
907 3549 954 3593 mo
978 3530 1157 3612 praedictum
1182 3528 1299 3616 legitur)

132 3637 278 3701 voluntati
294 3647 362 3698 tuae
378 3639 528 3717 obsequar.
559 3637 638 3698 Dum
660 3636 784 3698 Messias
799 3655 865 3717 ergo
889 3636 1021 3717 superius
1044 3636 1137 3699 dixit:
1160 3635 1298 3701 sacrificia

128 3755 160 3807 et
175 3744 338 3806 oblationes
353 3751 383 3804 et
397 3742 634 3804 holocautomata
649 3751 679 3803 et
693 3741 832 3804 sacrificia
846 3760 898 3824 pro
907 3742 1033 3823 peccatis
1048 3763 1104 3805 non
1120 3742 1297 3818 desiderasti,

127 3871 224 3932 neque
243 3848 278 3911 iis
293 3849 454 3911 delectatus
469 3869 515 3923 es,
537 3867 612 3931 qnae
627 3848 766 3910 sacrificia
781 3869 797 3910 a
812 3848 884 3929 legis
899 3847 1047 3911 Mosaioae
1061 3848 1237 3930 praescripto
1251 3850 1298 3911 of-

131 3959 271 4030 feruntur,
286 3965 316 4017 et
331 3955 433 4017 deinde
449 3953 568 4016 adiecit:
591 3974 654 4016 ecce
668 3964 791 4036 paratus
806 3973 871 4016 snm
885 3956 923 4016 ad
939 3953 1101 4016 faciendam
1116 3954 1300 4016 voluntatem

127 4073 218 4135 tuam,
235 4061 390 4142 abrogavit
404 4063 477 4123 haec
492 4060 630 4123 sacrificia
639 4060 780 4135 Levitica,
795 4070 829 4122 ut
843 4060 1024 4122 voluntatem
1035 4061 1090 4122 Dei
1105 4061 1295 4135 confirmaret,

126 4169 176 4250 qui
191 4167 292 4241 voluit
309 4176 343 4229 ut
352 4166 487 4230 Christus
503 4167 630 4249 seipsum
645 4166 795 4230 victimam
811 4165 988 4247 piacularem
1003 4167 1123 4228 offerret.
1156 4166 1212 4228 Per
1221 4167 1299 4229 hanc

125 4275 311 4338 voluntatem
326 4282 395 4336 unte
410 4284 673 4348 commemoratam,
689 4293 749 4356 qua
762 4275 843 4336 Deus
866 4272 961 4336 voluit
976 4271 1126 4336 Christum
1147 4272 1297 4336 victimam

125 4380 195 4456 fieri,
218 4381 307 4442 semel
330 4379 500 4445 sarrotificati
522 4402 622 4444 sumus
645 4398 696 4464 per
716 4379 894 4444 oblationem
915 4381 1041 4464 corporis
1055 4380 1127 4444 Jcsu
1142 4379 1251 4444 Ohristi
1265 4381 1297 4444 in
