3064 4894
395 358 520 430 Expositis
538 355 582 413 IX.
603 360 660 420 14:
673 363 788 428 paraphr.
808 357 853 412 1x.
874 359 968 412 1-14.
1199 355 1259 427 147

98 545 188 607 etiam
203 545 346 626 Vulgata,
362 553 392 605 et
406 543 526 618 Patres;
548 544 598 604 sed
614 541 699 604 lectio
714 540 833 607 αἰωνίου
848 542 879 603 in
900 542 1018 623 optimis
1041 544 1264 624 deprehenditur
1306 550 1312 560 '

100 651 245 714 codicibus
260 659 290 714 et
300 660 451 732 propterea
465 649 661 730 praeferende
672 681 713 696 -
724 649 768 710 De
778 669 863 709 sensu
871 649 1025 711 verborum
1034 649 1083 714 διὰ
1097 654 1264 737 πνεὺμοιτος

98 755 218 822 αἰωνίου
233 775 342 836 magna
357 764 402 816 est
416 755 606 836 interpretum
622 753 768 816 dissensio.
799 755 942 816 Nonnulli
964 775 1000 816 ea
1014 755 1177 837 explicant:
1201 758 1265 817 sin-

98 863 192 944 gulari
207 861 298 924 animi
312 861 451 942 impulsu,
465 860 533 924 alii:
554 860 619 922 vita
640 869 760 922 aeterna
781 862 953 941 praeditum,
968 861 1034 924 alii:
1054 861 1084 924 iu
1105 862 1266 925 conditione

98 991 152 1032 sua
169 968 290 1031 beatiori
305 967 335 1029 in
350 976 500 1029 aeternum
515 967 663 1038 duratura,
679 965 744 1027 alii:
761 975 862 1047 utpote
876 967 1027 1029 victimam
1041 977 1190 1032 aeternam
1204 968 1265 1032 vim

100 1076 276 1148 habituram,
292 1073 358 1135 alii:
374 1073 404 1134 vi
420 1071 519 1134 divina
527 1063 802 1147 aetema'adiutum
818 1082 866 1134 ast
875 1073 1031 1154 explicatio
1046 1094 1143 1137 eorum
1152 1076 1268 1138 ridetur

99 1202 161 1244 esse
176 1181 371 1263 praeferenda,
387 1178 437 1259 qui
453 1197 505 1259 per
518 1188 633 1260 πνεῦμα
655 1175 773 1244 αἰώνιον
796 1178 938 1259 Spiritum
953 1177 1130 1265 s.‚[naturae
1151 1181 1267 1244 divinae

100 1288 218 1359 socium,
234 1289 273 1348 ab
289 1295 408 1348 aeterno
423 1284 597 1346 existentem
612 1283 788 1364 intelligunt
812 1284 857 1346 cui
872 1285 915 1347 uti
931 1284 1039 1348 Christi
1061 1288 1208 1368 conceptio
1223 1288 1274 1368 ita·

100 1405 130 1455 et
151 1393 264 1456 oblatio
288 1401 319 1454 et
342 1390 482 1453 redemtio
503 1390 653 1470 omnisque
675 1390 864 1452 sanctificatio
888 1403 987 1454 nostra
1010 1402 1151 1473 tanquam
1175 1393 1268 1474 primo

101 1500 195 1562 omnis
219 1499 331 1580 gratiae
355 1507 386 1559 et
410 1495 573 1559 sanctitatis
596 1495 669 1557 fonti
697 1496 852 1558 tribuenda
875 1507 925 1558 est.
958 1497 1067 1560 Sensus
1088 1501 1188 1580 itaque
1209 1509 1268 1562 est:

105 1605 239 1668 Christus
262 1605 360 1667 divino
382 1603 487 1684 spiritu
507 1611 642 1664 movente
666 1611 754 1681 atque
776 1585 943 1682 impellente
966 1604 1153 1686 semetipsum
1168 1614 1271 1686 sponte

102 1732 156 1774 sua
170 1713 233 1774 Deo
248 1711 331 1772 Patri
347 1728 398 1790 pro
413 1707 539 1790 peccatis
554 1707 659 1770 nostris
673 1708 790 1772 obtulit.
807 1745 847 1754 -
858 1709 929 1770 Vo'x
944 1708 1071 1795 ἄμωμον
1086 1711 1210 1774 involvit
1223 1711 1271 1772 al-

102 1817 245 1880 lusionem
261 1819 299 1879 ad
314 1815 487 1897 qualitatem
504 1813 727 1876 inanimalibus
750 1813 944 1876 sacrificandis
968 1816 1150 1896 requisitam
1176 1817 1272 1878 hostia

103 1927 230 1987 debebat
244 1943 306 1984 esse
321 1921 520 1994 immaculata,
536 1920 554 1981 i.
570 1940 593 1981 e.
611 1921 722 2000 absque
738 1920 801 1982 ulla
817 1921 891 1985 labe.
926 1919 1060 1983 Christus
1075 1941 1161 1985 sensu
1175 1922 1271 1984 altiori

103 2031 320 2102 immaculatus,
335 2029 393 2090 imo
409 2027 579 2108 purissimus
594 2026 650 2088 fuit
664 2027 694 2087 vi
709 2026 903 2088 inhabitantis
917 2026 973 2108 ipsi
990 2027 1123 2101 Deitatis,
1138 2047 1213 2110 quae
1228 2037 1273 2089 est

104 2137 224 2218 spiritus
238 2134 427 2216 purissimus;
445 2133 612 2196 humanitas
622 2131 730 2194 Christi
740 2143 862 2194 naturae
870 2133 985 2194 divinae
994 2134 1176 2215 hypostatice
1191 2134 1274 2196 unita

104 2261 162 2304 non
177 2241 274 2323 potuit
287 2260 357 2312 esse,
373 2239 428 2301 nisi
443 2238 598 2320 purissima
614 2248 644 2299 et
666 2239 858 2312 sanctissima,
884 2259 941 2302 non
963 2240 1058 2302 solum
1079 2240 1272 2322 corporaliter,

104 2349 156 2410 sed
170 2348 354 2428 potissimum
370 2346 463 2408 ethice
479 2353 509 2406 et
524 2344 722 2426 spiritualiter.
738 2382 772 2390 -
787 2350 879 2431 νεκρὰ
895 2345 970 2432 ἔργα
984 2347 1012 2408 h.
1026 2346 1044 2408 l.
1060 2347 1201 2409 denotant
1209 2355 1273 2408 tum

105 2455 161 2516 illa
174 2472 271 2535 opera,
286 2471 361 2533 quae
376 2471 414 2514 ex
429 2460 511 2512 statu
526 2451 628 2512 mortis
643 2451 803 2531 spiritualis
825 2471 932 2527 eorum,
953 2453 1002 2534 qui
1018 2473 1083 2516 cum
1099 2455 1160 2515 Deo
1176 2471 1275 2514 recon-

107 2560 197 2624 ciliati
213 2580 270 2622 non
286 2566 363 2631 suut,
379 2559 545 2638 procedunt,
561 2567 625 2618 tum
640 2575 737 2637 opera,
754 2555 833 2639 'quae
856 2571 977 2620 mortem
1000 2560 1115 2621 animae
1136 2560 1275 2632 afferunt;

109 2665 232 2748 proinde
247 2665 288 2726 sic
302 2665 380 2726 dicta
389 2682 476 2744 opera
485 2673 599 2724 mortua
614 2675 644 2724 et
653 2663 807 2727 mortifera.
818 2701 858 2708 -
869 2664 1000 2726 Verbum
1012 2667 1164 2749 loupehaco
1179 2675 1277 2726 uane-

109 2775 166 2834 fert
174 2772 286 2833 Paulus
302 2791 321 2831 a
330 2771 411 2833 cultu
426 2770 537 2832 ludaico
553 2770 591 2831 ad
602 2771 840 2850 praestantiorem
850 2770 904 2830 Dei
917 2771 1035 2845 cultum,
1051 2771 1089 2831 ad
1104 2770 1278 2832 christianae

109 2878 229 2940 virtutis
244 2889 273 2938 et
288 2876 408 2957 pietatis
423 2875 560 2940 studium.

523 3017 872 3099 Paraphrasis.

537 3157 608 3240 Cap.
620 3159 676 3223 lX.
687 3178 735 3220 vv.
748 3159 864 3225 1-14,

205 3302 290 3363 Prius
304 3302 403 3363 foedus
419 3302 551 3362 habebat
565 3301 682 3380 quidem
697 3300 785 3362 etiarn
801 3307 956 3381 praecepta
970 3321 1024 3363 sna
1039 3303 1074 3364 de
1089 3301 1170 3364 cultu
1185 3303 1283 3365 divino

115 3420 146 3472 et
171 3408 367 3470 sanctuarium
390 3408 585 3482 mundannm;
608 3408 750 3487 siquidem
771 3417 951 3470 ersuuctum
972 3418 1036 3470 erat
1056 3411 1284 3484 tahemaculum‚

114 3516 145 3578 in
161 3515 242 3577 cuius
263 3514 400 3577 anteriori
423 3523 506 3594 parte
527 3515 699 3574 servabatur
725 3515 931 3577 candelabmm
954 3526 984 3576 et
1004 3535 1114 3590 mensa,
1135 3517 1180 3578 cui
1196 3537 1286 3598 panes

115 3623 192 3684 sacri
207 3621 336 3702 impositi
351 3629 443 3693 erant,
466 3639 541 3700 quae
556 3620 681 3682 anterior
703 3639 770 3700 pars
790 3623 950 3683 vocabatur
965 3620 1115 3687 Sanctum.
1146 3623 1217 3684 Post
1231 3642 1286 3683 au-

115 3730 215 3790 laeum
231 3727 351 3789 interius
365 3739 428 3788 erat
442 3726 623 3788 tabernaculi
639 3744 707 3807 pars
723 3727 870 3807 posterior,
893 3748 968 3810 quae
991 3728 1141 3790 dicebatur
1155 3727 1287 3790 Sanctis·

117 3835 234 3908 simum,
250 3834 278 3895 in
295 3853 354 3913 qua
369 3843 432 3894 erat
446 3833 629 3894 thuribulum
646 3851 766 3895 aureum
781 3844 811 3895 et
827 3851 894 3896 arca
910 3835 1030 3896 foederis
1053 3834 1187 3914 undique,
1209 3833 1289 3894 intus

118 3951 149 4004 et
163 3950 256 4013 extra,
272 3958 343 4001 auro
358 3941 494 4012 obducta,
510 3959 585 4019 quae
595 3939 763 4002 continebat
778 3958 882 4001 urnam
891 3958 1009 4002 auream
1019 3959 1128 4001 manna
1136 3940 1288 4021 impletam

121 4058 152 4110 et
166 4048 281 4128 virgam
296 4044 432 4118 Aaronis,
449 4065 523 4125 quae
538 4045 758 4126 germinaverat,
774 4047 931 4107 ettabnlas
946 4045 1082 4122 foederis3
1097 4065 1184 4126 supra
1193 4065 1290 4108 arcam

119 4163 205 4217 eraut
219 4152 387 4224 Chemhim
404 4151 512 4231 gloriae
527 4151 643 4213 divinae
658 4162 794 4225 vectores,
810 4153 1018 4214 obumbrantes
1039 4152 1095 4214 alis
1116 4153 1176 4213 suis
1192 4151 1291 4234 propi-

42 4341 45 4348 ,
120 4259 279 4324 tiatorium.
313 4257 370 4320 Sed
393 4259 428 4318 de
450 4259 528 4320 omni
550 4258 730 4320 tabernaculi
751 4269 896 4340 apparatu
920 4258 1054 4340 vasisque
1076 4258 1197 4340 singulis
1218 4279 1294 4322 nune

125 4367 323 4431 disserendum
339 4385 396 4427 non
412 4374 464 4426 est.
496 4367 598 4446 Itaque
614 4365 801 4428 tabernaculo
816 4366 854 4426 ad
874 4366 951 4427 hunc
973 4367 1090 4428 modum
1111 4367 1245 4432 distincto
1260 4388 1294 4430 ac

1090 4470 1134 4522 10·
