3106 4888
227 324 290 396 196
665 310 789 400 maneo
807 305 852 364 m.
870 305 914 362 aa.
933 299 977 362 er.

227 506 307 570 cuius
322 502 415 568 lilium
430 500 530 566 Elias
544 497 575 561 in
590 496 681 560 vitam
698 490 844 556 revocavit
866 487 902 574 (I.
919 489 991 569 Reg.
1007 483 1111 550 XVII.
1130 479 1180 546 17.
1197 474 1260 557 ss),
1284 481 1315 534 et
1332 468 1400 534 Sa-

227 611 404 690 aamitidie,
419 607 500 672 onius
515 605 607 668 lilium
624 603 777 667 Elisaroi
794 595 881 660 matn'
895 592 1022 658 restituit
1037 589 1088 677 (II.
1105 588 1177 666 Reg.
1193 583 1248 645 IV.
1268 581 1319 645 17.
1335 571 1401 659 ss).

317 715 480 800 Apostolus
501 712 578 776 rinno
598 706 753 792 propositis
777 703 842 766 fidei
866 699 1002 784 praemiis
1022 697 1089 760 inde
1111 689 1241 756 averbis
1255 687 1350 751 ἄλλοι
1365 682 1402 745 δέ

228 844 319 908 usque
334 825 373 886 od
387 840 415 882 r.
432 821 484 887 38.
500 816 636 898 exempla
651 815 757 896 profert
772 829 878 883 eorum,
894 809 944 890 qui
959 813 1077 888 propter
1092 802 1178 862 iidem
1194 792 1298 877 gravia
1320 785 1403 872 passi

229 930 413 996 calamitates
428 933 593 989 constanter
608 920 795 1004 pertulerunt,
818 915 888 1000 quin
910 924 941 976 et
961 913 1057 994 ipsam
1080 914 1204 970 mortem
1225 895 1404 982 aequissimo

230 1038 328 1102 animo
343 1033 554 1118 oppetiverunt,
568 1038 603 1091 ut
619 1029 737 1090 lectores
752 1044 819 1088 suos
836 1024 872 1085 ad
888 1022 1009 1086 eandem
1025 1015 1092 1078 fidei
1107 1005 1357 1096 perseverantiam
1372 1009 1405 1062 et

228 1145 260 1208 in
280 1141 417 1224 religione
439 1136 598 1200 christiana
620 1133 780 1216 profitenda
802 1127 996 1193 constantiam
1018 1121 1166 1186 excitaret
1196 1150 1228 1161 -
1256 1111 1353 1178 ἄλλοι
1369 1109 1405 1171 δέ

231 1251 507 1337 ἐτυμπανίσθησαν,
529 1241 647 1304 distenti
669 1249 751 1314 sunt;
772 1239 894 1299 verbnm
918 1231 1153 1320 τομπανίζεσθαι
1172 1219 1275 1310 (denir.
1292 1238 1312 1278 a
1329 1218 1406 1300 τίμ-

232 1353 341 1439 πανος)
358 1356 493 1416 denotat:
509 1348 652 1412 cruciatus
667 1366 756 1410 causa
770 1341 910 1418 distendi;
933 1345 1085 1426 πίιμπανος
1106 1333 1184 1396 enim
1204 1347 1263 1391 non
1286 1329 1408 1385 tantum

234 1465 355 1528 denotat
375 1459 597 1522 instrumentum
619 1452 765 1534 pulsatile,
787 1451 837 1512 sed
852 1447 942 1510 etiam
956 1441 1090 1526 supplicii
1111 1458 1201 1522 genus
1224 1435 1263 1496 ad
1286 1429 1409 1492 modum

232 1579 314 1633 rotae
330 1567 520 1637 efformatum,
535 1562 566 1624 in
576 1580 632 1642 quo
648 1576 767 1642 corpora
775 1556 972 1618 maleficorum
982 1549 1214 1630 fustigandorum
1229 1548 1284 1602 aut
1299 1533 1408 1614 flagel-

231 1677 385 1740 landorum
407 1682 548 1752 tanquan
571 1667 665 1750 pelles
686 1667 716 1727 in
738 1674 879 1748 tympano
901 1658 1140 1722 distendebantur
1162 1649 1224 1737 (cir.
1246 1647 1289 1712 Il.
1312 1641 1411 1704 Mace.

237 1783 289 1846 Vl.
308 1783 358 1848 19.
374 1776 451 1861 28.).
469 1812 509 1823 -
527 1776 630 1839 Verba
645 1753 809 1854 sequentia:
827 1766 861 1833 ab
877 1766 1108 1854 προςδεξάμενοι
1123 1807 1130 1821 .
1147 1807 1154 1821 .
1171 1805 1177 1818 .
1194 1760 1328 1841 α’)χωσιν
1344 1755 1412 1807 tum

232 1888 269 1950 de
284 1887 425 1950 Eleazaro
447 1881 507 1966 (cfr.
523 1882 563 1948 Π,
579 1880 670 1944 Maec.
685 1878 740 1942 vt
757 1872 823 1960 30.)
849 1884 912 1936 tum
935 1874 971 1933 de
990 1879 1105 1952 septem
1127 1862 1269 1928 iratribus
1285 1857 1412 1918 Macca-

233 1991 315 2055 baeis
329 1988 507 2071 martyribus
522 1985 600 2048 dicta
614 1994 682 2048 sunt
703 1984 765 2063 (cfr.
780 1983 819 2044 II.
835 1981 927 2042 Maec
942 1979 1013 2042 Vll.
1030 1978 1060 2042 9.
1079 1975 1128 2040 11.
1148 1971 1198 2036 14.
1214 1968 1268 2034 20.
1285 1963 1339 2028 23.
1356 1956 1412 2024 29.

235 2099 309 2180 36.)‚
324 2095 374 2177 qui
389 2092 531 2175 expressis
546 2089 642 2152 verbis
657 2108 739 2170 spem
754 2084 967 2149 resurrectionis
982 2081 1205 2146 confitebantur.

323 2221 351 2268 v.
367 2202 419 2266 36.
434 2199 530 2284 ἕτεροι
545 2200 577 2262 δὲ
593 2195 765 2282 ἐμπαιγμῶν
788 2197 839 2258 καὶ
863 2195 1013 2278 μαστίγων
1036 2198 1139 2272 πεῖραν
1166 2181 1290 2263 ἐλαβον,
1314 2173 1360 2238 ἐπι
1377 2171 1413 2233 δὲ

237 2310 352 2394 δεσμῶν
370 2309 424 2370 καί
445 2307 596 2392 ρολαιιης·
617 2337 660 2348 -
683 2299 837 2370 Quaenam
860 2297 1043 2380 potissimum
1063 2290 1130 2354 fidei
1153 2283 1293 2368 exempla
1314 2279 1365 2341 hic
1380 2277 1414 2337 in

192 2444 198 2454 ·
245 2422 342 2475 mente
356 2409 493 2492 habuerit
507 2429 529 2470 s.
544 2418 653 2480 auctor,
674 2405 809 2470 constitui
830 2403 937 2486 nequit,
968 2403 1072 2464 Plures
1092 2398 1157 2479 pios
1178 2391 1234 2456 Dei
1256 2388 1420 2452 cultorese

237 2519 477 2582 Maccahaeorum
500 2533 572 2576 aevo
590 2511 752 2596 respexisse
774 2511 888 2572 videtur
911 2508 1071 2590 apostolus.
1102 2506 1128 2564 E
1148 2495 1295 2582 prioribus
1318 2489 1418 2574 gentis

237 2625 367 2689 iudaicae
382 2621 530 2684 aetatibus
550 2621 720 2700 interpretes
742 2617 894 2680 nominant
915 2617 954 2676 ad
976 2613 1150 2700 ἐμπαιγμῶν
1168 2605 1344 2670 Elisaeam
1361 2596 1418 2681 (II.

238 2732 311 2811 Reg.
332 2731 371 2792 Il.
388 2725 453 2812 23.)
477 2736 506 2788 et
521 2725 661 2790 Iudaeos
685 2724 833 2806 templum
854 2728 1073 2786 restaurantes
1098 2711 1191 2800 (Neh.
1213 2709 1271 2774 IV.
1299 2703 1356 2788 l.);
1377 2703 1419 2763 ad

239 2839 353 2922 δεσμῶν
369 2843 398 2894 et
408 2834 555 2921 Ιρολαιιης
570 2829 750 2894 Michaeam
774 2830 809 2909 (l.
832 2829 904 2908 Rea
920 2826 1026 2890 XXll.
1050 2818 1127 2904 il),
1143 2817 1325 2882 Jeremiam
1341 2807 1421 2896 (Jer.

239 2940 314 3004 XX.
331 2935 374 3022 2.)
390 2938 528 3019 aliosque.
950 2969 954 2976 .

328 3063 357 3109 V.
373 3045 424 3108 37.
441 3041 666 3130 ἐλιθάσθησαν,
678 3042 875 3126 ἐπρίσθησαν,
892 3039 1130 3123 ἐπειράσθησαν,
1147 3031 1177 3096 ἐν
1195 3013 1278 3116 φόνιρ
1298 3025 1421 3112 μαχαί-

242 3173 298 3236 ρας
313 3148 477 3218 ἀπέθανον,
492 3150 660 3237 περιηλθον
676 3146 707 3211 ἐν
725 3150 888 3232 μηλωταῖς,
906 3143 936 3209 ἐν
953 3141 1076 3224 αἰγείοις
1092 3141 1249 3224 δέρμασιν,
1266 3129 1421 3214 ὃστεροθ-

243 3278 334 3342 pavor,
358 3256 544 3338 θλιβόμενοι,
569 3256 820 3339 καγοοχοίιρανοι,
838 3287 878 3294 -
896 3247 1136 3334 Ἐλιθάσθησαν
1152 3237 1367 3303 verosimiliter
1382 3235 1422 3294 de

242 3360 385 3442 propheta
401 3358 573 3432 Zacharia,
588 3357 648 3418 lilio
663 3357 807 3432 Joiadae,
824 3356 933 3418 dictum
948 3363 1000 3427 est,
1016 3352 1066 3434 qui
1092 3349 1147 3435 (IL
1163 3345 1274 3411 Chron.
1290 3341 1424 3406 XXIV.

245 3467 290 3530 20
305 3483 359 3538 ⁸⁸·3
382 3464 429 3524 cfr.
453 3464 542 3528 Mtth.
557 3463 679 3524 XXllI.
695 3464 762 3538 35.;
777 3463 827 3524 Lo.
842 3461 899 3525 XI.
916 3459 983 3544 51.)
1002 3459 1078 3520 inter
1099 3455 1248 3538 templum
1270 3461 1303 3513 et
1324 3449 1426 3510 altare

246 3569 395 3650 lapidatus
410 3576 471 3642 est;
495 3578 547 3630 sut
569 3569 626 3630 sors
647 3571 682 3630 de
697 3569 848 3641 Ieremia,
868 3586 953 3648 quem
977 3566 1006 3627 in
1028 3564 1170 3646 Aegypto
1186 3582 1207 3622 a
1222 3555 1427 3642 popularibus

245 3675 306 3738 suis
329 3673 492 3754 lapidatum
523 3694 584 3736 esse
608 3674 724 3734 traditio
740 3673 853 3734 iudaice
867 3675 954 3734 refert
968 3672 1029 3757 (cfr.
1046 3669 1185 3732 Tertull.
1208 3663 1360 3746 Scorpiac.
1377 3662 1428 3733 8.;

244 3780 452 3845 Hierowssdv·
462 3779 656 3868 J0vi11iangll.
673 3777 746 3860 θλ).
758 3815 797 3824 -
809 3777 1007 3865 ἐπρίσθησαν,
1022 3793 1102 3839 serra
1117 3772 1251 3846 dissecti;
1268 3778 1336 3832 erat
1352 3767 1429 3844 olim

245 3885 300 3947 hoc
314 3884 540 3946 crudelissimum
554 3883 687 3965 supplicii
712 3904 809 3964 genus,
836 3895 868 3945 ut
889 3903 1000 3946 reorum
1024 3900 1146 3964 corpora
1166 3881 1197 3941 in
1220 3881 1298 3940 duas
1322 3883 1430 3957 partes

247 3998 417 4062 Wessiurs
432 3999 493 4050 tam
509 3990 587 4069 apud
602 3991 760 4061 Hebraeos,
782 4009 871 4070 quam
886 3991 966 4072 apud
988 3987 1117 4051 Graecos
1140 3996 1171 4048 et
1186 3987 1347 4047 Romanos
1363 3980 1431 4043 usi-

247 4101 351 4154 tatum.
391 4093 565 4174 Interpretes
587 4094 683 4174 plures
706 4095 868 4175 opinantur,
892 4116 915 4158 s.
940 4095 1069 4156 Paulum
1099 4093 1128 4156 in
1154 4102 1256 4154 mente
1281 4087 1433 4151 habuisse

248 4196 402 4288 Jesae'am,
418 4197 467 4278 qui
485 4199 658 4262 testantibus
667 4199 845 4262 Talmudicis
863 4201 1050 4282 scriptoribus
1066 4197 1130 4284 (cfr.
1146 4198 1241 4260 etiam
1251 4195 1433 4259 Iustinum

250 4297 298 4380 M·
312 4300 380 4362 dial·
405 4321 469 4365 oum
485 4303 593 4382 trypn
614 4306 692 4378 reo,
716 4304 849 4372 mareu.
871 4307 907 4366 a
922 4305 1043 4387 passa.
1056 4315 1059 4322 ’
1073 4307 1139 4380 14.;
1163 4306 1299 4390 naqa.
1325 4321 1374 4386 ep.
1392 4300 1436 4360 aa
