3096 4886
556 291 718 390 empirei.
736 295 780 347 ιιι.
801 293 895 348 1-40.
1248 300 1311 369 199

136 487 210 550 pus,
228 470 309 552 qood
322 473 389 534 iam
400 433 594 556 peopinpuut
608 471 670 559 (eir.
685 472 727 536 X.
743 471 817 558 st),
833 473 998 548 ademerat,
1012 493 1081 543 ons
1095 494 1166 538 oum
1179 473 1243 550 illis
1258 495 1310 553 op·

140 575 286 640 comtes
299 579 334 641 in
347 595 443 660 regno
457 578 555 644 Det‘.

549 725 900 806 Pereplrresis

535 861 606 948 Osp.
636 864 694 935 XL
723 885 772 936 vv.
804 867 921 933 1-40.

229 1011 284 1072 Est
299 1017 397 1072 autem
413 1010 484 1072 fides
498 1026 606 1084 eorum,
629 1029 704 1092 quse
726 1018 940 1092 exspectantur,
962 1009 1137 1084 substantie,
1156 1012 1193 1074 de
1214 1014 1310 1086 relrus,

139 1136 216 1196 qnae
231 1135 288 1178 non
303 1125 466 1189 oemuntur,
481 1115 629 1197 persuasio
644 1117 736 1182 tinne.
767 1117 802 1178 In
818 1117 874 1180 hee
888 1115 966 1178 enim
989 1117 1045 1178 fide
1059 1115 1208 1180 eonstituti
1224 1119 1308 1182 testi·

139 1221 237 1284 monio
251 1221 406 1295 honorifioo
420 1221 515 1284 ometi
531 1230 600 1284 sunt
614 1221 734 1304 antiqui.
766 1222 837 1284 Fide
860 1221 1058 1304 intelligimus,
1081 1225 1222 1286 mundum
1238 1227 1306 1289 uni·

139 1346 256 1390 versum
271 1329 424 1392 voluntate
438 1327 494 1391 Dei
509 1347 570 1390 esse
585 1328 740 1402 eonditum,
756 1327 798 1392 ita
822 1337 856 1392 ut
880 1348 917 1392 ex
938 1328 1062 1392 muteris
1083 1329 1144 1392 iarn
1166 1331 1308 1396 existento

139 1437 266 1498 mundus
280 1444 394 1498 orestus
409 1453 466 1496 non
482 1433 528 1498 sit
560 1433 631 1496 Fide
640 1433 755 1498 Abelns
771 1434 966 1516 pretiosiorem
976 1434 1104 1500 hostiam
1119 1437 1228 1500 obtulit
1236 1439 1308 1513 Deo,

139 1561 229 1621 quem
245 1539 327 1614 (lein,
342 1559 395 1622 per
409 1559 497 1622 quem
508 1538 580 1624 (soil.
592 1537 692 1626 fidem)
709 1539 837 1602 iustitiee
846 1540 1042 1604 testimonium
1053 1542 1160 1604 meruit
1168 1543 1198 1606 in
1208 1542 1307 1630 Serip-

135 1647 218 1722 turis,
233 1649 297 1710 Deo
311 1647 376 1732 ipso
391 1653 526 1720 testante,
543 1648 619 1728 quod
629 1655 713 1728 grata
727 1645 784 1708 sibi
793 1647 880 1710 fuerit
895 1647 974 1712 illius
989 1647 1101 1722 hostis3
1116 1658 1146 1710 et
1161 1651 1307 1730 perfidem

135 1763 342 1835 postmortem
357 1753 446 1816 etiem
456 1773 487 1816 se
496 1752 580 1816 nobis
592 1753 621 1816 in
631 1753 861 1816 oedifieetionem
870 1763 999 1818 nostram
1009 1756 1201 1818 oommendst.
1225 1755 1307 1818 Fidei

137 1860 241 1922 merito
256 1861 379 1924 Henooh
394 1859 554 1922 translatus
569 1868 621 1934 est
643 1879 680 1922 ne
694 1859 805 1922 videret
826 1870 964 1936 mortem;
980 1871 1010 1922 et
1031 1880 1088 1924 non
1109 1860 1237 1948 emplius
1251 1861 1308 1926 hoo

136 1967 165 2028 in
182 1976 260 2030 terre
274 1965 355 2029 visus
370 1976 423 2040 est,
447 1965 574 2048 quises
597 1965 749 2030 hominum
771 1965 912 2030 oonsortio
927 1968 1008 2030 Deus
1029 1966 1113 2031 illurn
1140 1967 1305 2044 transtulit3

134 2072 287 2136 transtulit
308 2081 416 2146 sutem,
439 2071 517 2154 quie,
540 2051 690 2155 Scriptura
712 2081 794 2146 teste,
823 2072 997 2154 ritem-egit
1018 2073 1180 2156 praeoeptis
1201 2073 1308 2136 divinis

135 2188 369 2242 consentaneum.
400 2178 502 2260 Atque
517 2178 579 2240 sine
594 2179 650 2240 fide
665 2180 728 2241 Deo
744 2198 828 2242 nemo
843 2179 958 2260 pleoere
973 2189 1086 2262 potest;
1102 2190 1135 2242 ut
1149 2180 1215 2262 quis
1229 2179 1307 2246 euim

136 2286 231 2348 Deum
247 2303 314 2348 vere
329 2285 407 2348 eolat
416 2283 499 2366 eique
514 2284 637 2365 pleoeet,
651 2293 721 2348 ente
730 2284 828 2348 omnie
838 2287 951 2348 eredere
960 2287 1055 2360 debet,
1070 2287 1166 2350 Deum
1175 2286 1306 2362 existere,

134 2411 257 2472 eumque
267 2391 323 2474 piis
332 2391 392 2454 suis
402 2389 561 2456 cultoribus
569 2399 814 2454 remuneratorem
827 2393 895 2456 fore.
926 2391 1029 2456 Fidem
1038 2394 1151 2458 hebens
1159 2394 1306 2469 Noeohus,

133 2517 199 2562 oum
215 2497 355 2560 divinitus
369 2498 406 2560 de
421 2496 539 2571 diluvio,
556 2516 706 2578 nunquam
721 2496 793 2570 viso,
808 2507 839 2560 et
853 2498 934 2562 ouius
949 2499 1032 2562 nulls
1047 2509 1116 2562 tuno
1131 2509 1194 2562 eret
1208 2521 1305 2586 eppa-

131 2605 233 2678 rentie‚
248 2603 416 2666 admonitus
431 2613 515 2678 esset,
531 2602 586 2666 Dei
601 2602 704 2666 timore
719 2613 867 2686 eorreptus
882 2622 981 2668 eroem
1004 2607 1042 2668 ed
1058 2605 1203 2668 familiam
1218 2626 1304 2670 suem

131 2713 306 2773 servandam
322 2711 476 2783 exstruxit,
492 2728 543 2792 per
552 2727 641 2791 quem
651 2709 738 2772 fidem
753 2719 848 2774 totum
864 2719 948 2774 extre
957 2711 1102 2774 semiliem
1117 2731 1200 2774 sunm
1215 2733 1305 2794 genus

133 2819 298 2880 humanum
314 2815 404 2880 exitio
419 2815 537 2898 dignum
553 2815 693 2892 ostendit3
718 2824 748 2877 et
771 2815 834 2898 ipse
856 2835 925 2880 vero
939 2816 1075 2890 iustitiae,
1097 2838 1173 2902 quse
1196 2838 1234 2883 ex
1248 2819 1305 2882 fide

26 2981 28 2986 .
131 2933 185 2996 est,
201 2925 296 2986 lootus
311 2933 356 2985 est
379 2940 526 3004 possessor
549 2932 579 2984 et
594 2923 685 2985 heres.
716 2921 788 2985 lide
803 2923 960 2989 Abrohom
976 2943 995 2986 e
1009 2925 1072 2988 Deo
1087 2934 1208 2990 voeetus
1231 2927 1304 2990 obe-

132 3030 215 3108 divit,
233 3049 323 3112 quum
339 3030 366 3091 ei
381 3038 568 3112 praeceptum
583 3029 693 3101 inisset,
720 3038 753 3090 ut
775 3029 868 3093 exiret
881 3032 917 3093 <le
931 3040 1009 3109 terre
1030 3050 1084 3094 sue
1106 3031 1136 3092 in
1151 3032 1304 3114 regionem,

131 3156 222 3218 quem
238 3138 319 3200 Deus
333 3156 364 3198 se
380 3135 442 3198 eius
455 3134 578 3216 posteris
593 3135 795 3218 possidendam
806 3137 943 3200 daturum
958 3157 1020 3200 esse
1030 3137 1163 3220 promisit
1178 3148 1208 3201 et
1223 3139 1302 3214 exiit,
1413 3229 1416 3236 .

133 3261 313 3324 quemquem
329 3241 409 3305 illius
423 3241 546 3322 regionis
561 3251 697 3309 naturam
721 3251 751 3306 et
766 3241 892 3309 indolem
916 3262 974 3308 non
996 3244 1128 3306 habebat
1149 3245 1302 3328 cognitam.

132 3349 234 3412 Fidem
250 3349 364 3418 habens
378 3346 570 3412 Abrehsmus
585 3347 660 3410 ebiit
675 3347 706 3412 in
721 3357 828 3412 terrem
850 3348 1032 3431 promissam,
1054 3370 1176 3433 eamque
1197 3371 1254 3414 non
1270 3361 1303 3440 ut

130 3474 223 3529 suam,
239 3457 289 3518 sed
307 3464 339 3517 ut
353 3453 481 3518 alienam
489 3453 610 3517 inuoluit
624 3463 653 3516 et
668 3457 722 3518 sub
732 3455 863 3520 tentoriis
871 3455 1028 3534 habitavit,
1044 3459 1122 3540 quod
1131 3467 1161 3520 et
1170 3459 1297 3524 feoerunt

130 3564 249 3627 Isaams
272 3570 302 3622 et
315 3560 454 3634 Jsoobus,
476 3559 581 3642 quibus
603 3561 705 3625 eedem
726 3561 884 3644 eontigerst
906 3563 1065 3646 promissio.
1103 3566 1304 3646 Exspectabet

130 3667 269 3733 nimirum
284 3667 476 3733 Abrohemus
491 3665 639 3729 civitatem
660 3668 796 3730 stabilem
819 3677 908 3750 atque
930 3679 1109 3754 perpetuam,
1130 3671 1302 3754 Hierosoly-

129 3793 210 3838 mem
225 3774 391 3847 eoelestem,
407 3774 488 3838 euius
502 3773 600 3857 opifex
615 3783 645 3835 et
659 3774 788 3838 eonditor
796 3776 876 3840 Deus
891 3775 953 3858 ipse
962 3786 1014 3838 est
1044 3776 1117 3838 lide
1131 3777 1220 3839 etiem
1236 3777 1302 3864 ipse

131 3879 207 3944 Sere
221 3880 360 3944 virtutem
375 3881 413 3944 ed
429 3879 623 3962 recipiendum
646 3889 676 3941 et
690 3881 871 3946 retinendum
881 3927 883 3932 .
895 3901 992 3944 semen
1008 3902 1027 3944 a
1042 3883 1104 3944 Deo
1127 3883 1246 3966 eooepit,
1270 3893 1301 3946 et

128 3987 246 4070 quidem
261 3996 376 4068 praeter
390 3996 518 4050 aetutem
533 3988 571 4048 ed
586 3987 801 4068 oonoipiendum
816 3987 959 4062 idoneam,
975 3987 1044 4070 quie
1053 3989 1156 4064 Deum,
1171 3989 1221 4070 qui
1230 4007 1300 4071 pro-
1342 3971 1345 3978 ¹

128 4093 255 4169 miserat,
271 4094 301 4163 in
317 4079 377 4156 siris
392 4092 540 4176 promissis
555 4112 686 4156 veraoem
702 4114 764 4156 esse
779 4093 907 4158 eredidit.
939 4093 1187 4176 Properantem
1196 4095 1298 4158 Abre-

127 4200 209 4274 hami
225 4199 361 4276 etseras
376 4201 463 4262 fidem
479 4199 569 4264 etiem
584 4203 623 4267 eb
639 4221 695 4264 uno
717 4196 921 4288 (Abrehemo)
944 4210 973 4263 et
994 4201 1112 4288 insuper
1134 4201 1245 4278 viribm
1259 4204 1298 4279 ed

124 4307 300 4388 gignendum
314 4309 352 4370 ob
367 4315 542 4370 seneotutem
551 4307 690 4370 destituto
703 4305 758 4370 orti
767 4314 836 4370 sunt
845 4307 951 4390 posteri
972 4307 1205 4383 innumerabiles,
1221 4307 1296 4373 siout
