3072 4882
224 278 285 345 138
666 284 788 346 Expositis
807 281 850 332 IX.
873 282 894 330 l.
915 281 960 352 2„

221 455 315 533 ginern
331 468 449 520 tantum
464 469 494 520 et
510 463 643 522 umbram
661 463 763 522 referre
783 460 886 542 templi
909 461 1049 534 coelestis,
1071 479 1130 522 rem
1154 481 1264 524 sacram
1281 463 1394 524 ludae-

221 580 302 624 orum
330 565 400 648 (IX.
421 563 527 649 1—7.)
550 569 676 646 quodam
699 570 784 630 modo
810 568 919 641 laudat,
942 577 972 628 et
993 569 1182 641 tabernaculi,
1203 570 1279 649 quod
1301 570 1394 649 Deus,

222 672 333 732 loedere
349 693 413 733 cunr
429 673 551 734 ludaeis
566 676 651 746 lucto,
671 749 673 754 Ι
691 675 782 735 xstrui
798 675 929 747 iusserat,
954 675 1134 755 splendorem
1158 675 1298 737 describit.
1330 674 1394 736 Sed

220 778 278 838 iam
293 777 359 840 inde
376 778 431 842 IX.
449 781 477 845 8.
501 782 592 854 docet,
616 695 814 860 {radinensem
840 801 901 842 esse
924 783 1000 842 hunc
1022 781 1075 842 Dei
1098 781 1216 862 cultum,
1239 779 1392 842 Christum

217 884 381 962 pontificem
397 886 574 966 praestitisse
585 908 627 958 ea,
645 908 720 967 quae
736 904 787 967 per
796 887 936 949 sacrificia
952 908 970 948 a
986 887 1183 950 sacerdotibus
1198 887 1393 951 iudaicisDeo

217 990 320 1052 oblata
336 993 477 1072 praestari
493 1003 523 1055 et
538 995 611 1056 ellici
629 994 814 1075 nonpossint,
832 995 1057 1075 sacrificiumque
1068 993 1176 1056 Christi
1193 995 1285 1056 multo
1300 1011 1392 1073 prae-

218 1097 346 1159 stantius
362 1118 423 1160 esse
439 1099 583 1163 sacrificiis
598 1102 777 1163 Iudaeorum.

619 1257 690 1340 cap,
720 1257 775 1320 rx.
801 1279 847 1322 vv.
878 1262 991 1324 1-14.

306 1402 335 1462 A
352 1420 436 1463 versu
456 1402 548 1468 1-5.
565 1400 700 1464 describit
715 1401 866 1481 apostolus
881 1401 1100 1463 tabernaculum
1110 1402 1231 1464 foederis
1248 1422 1389 1464 unacum

217 1507 419 1570 essentialibus
434 1508 496 1569 eius
511 1506 629 1570 obiectis
644 1516 674 1568 et
688 1507 873 1570 ornamentis.

306 1635 332 1678 v.
353 1617 379 1678 1.
396 1611 469 1700 Εἶχε
486 1618 539 1698 μὲν
555 1611 607 1679 οὖν
623 1617 674 1679 καί
689 1613 823 1703 ἡπρώτη
834 1617 1022 1700 δικαιώματα
1038 1618 1188 1699 λατρείας,
1205 1621 1238 1679 τό
1254 1639 1285 1680 τε
1301 1613 1390 1696 ἅγιον

214 1727 368 1806 κοσμικόν.
386 1757 426 1764 -
445 1721 605 1800 Apostolus
620 1721 734 1800 scripsit
749 1719 822 1807 εἶχε,
846 1731 875 1780 et
900 1740 956 1783 non
972 1721 1046 1807 ἔχει,
1069 1721 1138 1800 quia
1161 1722 1189 1782 h.
1208 1721 1225 1780 l.
1250 1729 1389 1784 nontam

214 1827 365 1908 templum,
386 1846 475 1906 quam
500 1827 595 1906 potius
610 1827 830 1890 tabernaculum
853 1827 1018 1907 descripsit;
1050 1845 1132 1888 versu
1157 1829 1275 1888 demum
1296 1829 1327 1894 6.
1349 1830 1388 1889 de

213 1934 323 2014 templo
339 1945 369 1993 et
384 1955 436 1994 suo
452 1945 580 2012 tempore
598 1933 731 2013 loquitur,
748 1952 837 2013 quare
852 1935 941 1996 etiam
965 1933 1005 1994 ibi
1022 1934 1166 2014 praesenti
1184 1931 1313 2006 εἰσίασιν,
1338 1935 1388 1994 in-

213 2040 388 2120 grediuntur,
407 2040 504 2101 utitur.
523 2076 562 2086 -
581 2039 651 2101 Post
666 2044 771 2126 πρώτη
795 2038 925 2102 nonnulli
949 2039 1013 2102 libri
1039 2039 1140 2120 legunt
1155 2047 1261 2128 σκηνή,
1284 2043 1389 2101 taber-

215 2145 369 2220 naculum3
385 2163 430 2207 ast
449 2146 689 2226 praestantissimi
706 2147 815 2208 codices
831 2148 884 2207 hoc
908 2145 1081 2208 vocabulum
1103 2145 1242 2206 omittunt
1264 2165 1316 2207 nec
1331 2166 1389 2207 ex-

213 2263 378 2333 presserunt
393 2252 537 2313 versiones
552 2257 707 2336 οραίαοαο,
729 2252 879 2336 Valpoto,
903 2254 1088 2335 aethiopico,
1111 2255 1282 2325 mmmdcc,
1305 2274 1389 2315 ora·

213 2362 291 2436 dica,
316 2357 565 2442 capessamus,
588 2357 735 2431 Phellos,
761 2359 1020 2442 'I’beopbylootaa
1043 2369 1073 2420 et
1097 2379 1111 2418 e
1134 2367 1218 2420 textu
1240 2357 1388 2420 eiecerunt

125 2479 126 2488 ¹
213 2465 381 2528 celebriores
396 2464 484 2528 critici
501 2486 552 2528 uec
567 2486 623 2528 nou
639 2467 839 2546 improbarunt
849 2467 976 2545 optimae
986 2475 1072 2527 notae
1083 2465 1261 2544 interpretes.
1282 2467 1388 2544 Neque

212 2582 364 2636 contextus
378 2573 529 2652 permittit,
553 2583 585 2634 ut
607 2580 704 2660 στηαη
727 2573 756 2636 h.
774 2571 791 2633 l.
808 2571 1005 2653 intelligatur;
1029 2571 1134 2632 etenim
1159 2571 1189 2630 in
1212 2571 1389 2650 antegressis

208 2697 302 2742 sermo
317 2691 380 2741 erat
394 2683 429 2740 de
445 2681 590 2767 διαθηαη,
605 2679 669 2742 coll.
686 2679 772 2742 Vlll.
790 2682 885 2745 6-9.
905 2681 961 2754 10;
978 2688 1007 2739 et
1023 2677 1109 2745 Vlll,
1128 2680 1156 2742 l.
1177 2680 1225 2744 13.
1258 2679 1314 2740 hoo
1329 2697 1389 2739 vo-

211 2787 349 2848 cabulum
363 2786 513 2867 cogitando
529 2784 719 2848 adiiciendum
730 2795 808 2862 crat;
824 2785 889 2846 dein
905 2784 1013 2866 duplici
1031 2804 1115 2846 sensu
1131 2783 1298 2865 accipienda
1308 2795 1389 2844 esset

211 2913 269 2954 vox
285 2900 395 2980 capum
412 2913 515 2972 nempe
534 2894 587 2954 hoc
602 2909 688 2976 versu
709 2893 745 2953 de
761 2901 823 2954 toto
833 2891 1028 2964 tabernaculo,
1039 2908 1123 2952 vorsu
1133 2911 1191 2971 seq.
1210 2899 1316 2964 autem,
1333 2891 1390 2951 ubi

210 3008 310 3080 aperte
327 2998 436 3078 legitur,
452 3009 481 3060 et
497 2996 575 3082 (coll.
592 3018 619 3058 v.
636 2995 680 3081 3.)
705 2999 794 3084 adyto
802 2998 967 3080 opponitur,
983 2999 1018 3058 de
1033 2996 1087 3059 illa
1095 2995 1274 3059 tabernaculi
1289 3005 1387 3076 parte,

211 3125 286 3186 quae
302 3103 444 3167 Sanctum
465 3115 594 3166 vocatur.
626 3107 730 3186 ltaque
749 3113 846 3166 mente
862 3103 1052 3166 adiiciendum
1068 3113 1114 3165 est
1127 3102 1302 3165 vocabulum
1317 3103 1390 3168 δια-

211 3214 307 3299 θήκη.
323 3247 366 3257 -
383 3213 571 3298 δικαιώματα
589 3211 722 3273 dicuutur
746 3211 775 3272 in
792 3210 946 3292 Scripturis
970 3212 1119 3282 mandata,
1143 3229 1199 3271 nou
1222 3208 1387 3282 hominum,

211 3319 261 3380 sed
271 3317 334 3389 Dei,
344 3328 509 3397 propterea,
519 3319 595 3398 quod
608 3317 636 3378 in
646 3335 743 3378 eorum
753 3316 953 3380 observatione
963 3315 1076 3398 proprie
1084 3314 1388 3378 consistatbominum

171 3455 175 3464 ·
211 3423 322 3486 iustitia
338 3423 502 3508 (Ertias);
525 3425 554 3488 h.
570 3425 589 3486 l.
613 3425 801 3511 δικαιώματα
817 3427 957 3507 λατρείας
977 3433 1045 3484 sunt
1067 3432 1222 3503 praecepta
1244 3424 1279 3484 de
1301 3421 1389 3484 cultu

210 3531 308 3593 divino
323 3551 342 3592 a
358 3533 418 3592 Deo
434 3530 574 3592 nimirum
592 3531 621 3592 in
637 3531 676 3594 V.
692 3530 726 3592 Τ.
742 3532 820 3592 data.
831 3533 917 3594 -τὺ
932 3528 1018 3612 ἅγιον
1034 3537 1128 3592 totam
1143 3531 1245 3591 aedem
1261 3546 1390 3603 sacram,

211 3637 441 3710 tabernaculum,
458 3638 537 3717 quod
554 3635 654 3698 statim
671 3653 722 3716 per
744 3646 841 3716 partes
863 3634 1040 3708 describitur,
1062 3635 1201 3716 designat
1217 3671 1261 3682 -
1276 3635 1313 3696 In
1327 3655 1388 3698 ex·

210 3743 344 3824 plicando
359 3743 499 3806 adiectivo
518 3749 664 3828 κοσμικόν
679 3761 786 3822 magua
809 3750 854 3802 est
869 3742 1055 3822 interpretum
1079 3739 1225 3804 dissensio.
1257 3739 1388 3821 Simpli-

209 3851 325 3914 cissima
339 3859 447 3923 autem,
463 3848 599 3930 plurimis
608 3847 698 3912 etiam
709 3847 915 3928 interpretibus
930 3849 1055 3928 probata
1069 3847 1270 3928 interpretatio
1285 3858 1330 3909 est
1339 3869 1388 3922 ea,

211 3977 285 4038 quae
300 3962 447 4043 κοσμικόν
464 3973 516 4036 pro
532 3955 683 4035 synonimo
698 3955 790 4015 habet
805 3963 857 4018 τοῦ
874 3951 1011 4034 ἐπιγείου,
1030 3953 1073 4014 ita
1088 3961 1122 4014 ut
1137 3951 1220 4034 ἅγιον
1235 3961 1385 4041 κοσμικόν

210 4064 287 4126 idern
303 4063 412 4135 valeat,
433 4063 509 4142 quod
534 4063 629 4125 v.11.
652 4059 785 4149 ἡοοτηνὴ
809 4065 1019 4147 χειροποίητος
1041 4068 1072 4120 et
1086 4057 1170 4142 ἅγιον
1192 4064 1305 4146 ταίτης
1327 4074 1385 4150 της

211 4175 344 4235 κτίσεως.

299 4293 325 4338 v.
343 4275 372 4338 2.
389 4271 490 4360 Σαηνη
506 4277 563 4358 γὰρ
580 4275 813 4360 καττστττοάαθη
836 4272 984 4362 ἡπρώτη,
1006 4271 1037 4337 ἐν
1061 4269 1117 4361 pb
1140 4296 1171 4337 rs
1194 4275 1307 4358 λυχνία
1329 4279 1382 4339 καί
