3064 4894
270 289 334 355 112
730 284 981 352 unicum-20·

266 469 320 531 καὶ
335 461 547 552 τὶςτρχομὲνην
561 461 604 540 εἰς
619 469 652 531 τὸ
668 463 813 551 ἐσώτερον
828 474 881 531 τοῦ
896 471 1174 551 καταπετάσματος,
1190 501 1235 511 -
1250 466 1337 531 Pron.
1352 465 1439 530 relat

267 571 305 662 ἦν
320 573 500 634 referendum
516 582 561 634 est
575 573 613 633 ad
629 571 753 646 ἐλπίδα;
777 571 927 652 apostolus
950 579 1099 651 comparat
1120 571 1230 653 (pronti
1252 581 1284 632 et
1298 573 1393 652 graeci
1410 584 1441 633 et

268 679 380 742 romani
397 677 560 760 scriptores)
576 697 658 760 spem
673 698 739 740 cum
754 696 859 740 ancora
875 677 990 754 navate
1014 677 1179 739 sicutenim
1194 697 1301 739 ancora
1321 698 1440 752 navem,

266 787 311 850 coi
327 785 451 868 alligata
466 797 518 860 est,
534 803 663 847 securam
679 784 774 846 reddit
788 804 807 845 a
822 784 980 865 naufragio,
995 783 1062 846 licet
1083 783 1163 863 gravi
1185 793 1362 864 tempestate
1378 786 1440 847 iac-

267 903 353 965 tetur,
369 891 412 954 ita
427 911 493 974 spes
510 901 627 973 propter
649 891 782 974 promissi
804 891 894 952 divini
916 890 1076 952 iuramento
1099 891 1259 952 confirmati
1281 891 1439 953 veritatem

266 999 380 1062 animas
396 1011 509 1062 nostras
524 999 554 1060 in
569 999 671 1060 modiis
694 997 923 1080 persecutionum
949 997 1173 1079 tempestatibus
1195 1016 1311 1060 semras
1334 1000 1440 1070 reddit,

268 1115 301 1170 ut
315 1107 345 1168 in
361 1107 424 1167 Deo
439 1103 626 1186 acquiescant
639 1115 670 1166 et
684 1114 762 1166 certa
771 1103 862 1166 felicis
870 1104 966 1166 exitus
975 1104 1188 1184 exspectatione
1203 1104 1294 1165 nullis
1307 1105 1441 1168 adversis

267 1213 466 1286 succumbant,
482 1231 534 1274 nec
542 1210 608 1274 fidei
618 1211 800 1292 naufragium
809 1210 927 1287 faciant,
942 1209 1235 1272 sedimmobilesDeo
1248 1212 1441 1274 adhaereant

266 1319 311 1382 De
327 1319 384 1380 hac
398 1336 503 1380 ancora
518 1317 579 1400 spei
595 1317 672 1392 dicit,
688 1337 754 1379 eam
769 1317 799 1379 in
814 1317 923 1380 Sancta
938 1315 1110 1379 Sanctorum
1131 1315 1249 1396 ingredi,
1275 1317 1305 1378 in
1332 1317 1439 1391 locum,

266 1423 315 1507 qui
331 1433 376 1486 est
391 1423 468 1486 intra
484 1424 630 1487 aulaeum.
661 1427 762 1506 Imago
777 1425 912 1486 desumta
927 1433 971 1485 est
985 1444 1004 1484 a
1019 1423 1228 1485 constructione
1244 1425 1438 1498 tabernaculi,
1515 1495 1516 1508 ρ

267 1531 295 1592 in
311 1550 369 1612 quo
384 1531 441 1593 dno
456 1541 539 1593 erant
553 1531 674 1606 aulaea;
690 1549 781 1592 unum
796 1539 864 1592 ante
881 1527 1020 1593 Sanctum
1036 1531 1198 1616 (κάλυμμα
1219 1549 1269 1590 seu
1286 1528 1437 1596 ἐπίσπασ-
1515 1515 1516 1540 ’

267 1635 361 1725 τρον),
384 1638 510 1701 aiterum
533 1647 602 1700 ente
631 1635 852 1701 Sanctissirnum
882 1631 1136 1723 (καταπέτασμα).
1180 1635 1289 1696 Verbis
1318 1636 1438 1718 itaque:

266 1750 299 1813 τὸ
315 1744 462 1831 ἐσώτερον
478 1755 532 1812 τοῦ
547 1751 819 1830 καταπετάσματος
834 1743 976 1806 Sanmum
985 1742 1157 1804 Sanctorum
1166 1739 1343 1822 designatur,
1359 1746 1439 1825 quod

266 1855 294 1919 h.
311 1853 330 1915 l.
346 1852 443 1934 imago
458 1861 503 1914 est
517 1851 600 1934 adyti
616 1850 719 1933 templi
734 1850 873 1925 coelestis,
890 1849 939 1912 ubi
954 1847 1009 1911 Dei
1025 1859 1069 1910 est
1084 1851 1180 1923 sedes;
1195 1847 1263 1911 hino
1278 1851 1435 1912 verborum

264 1979 365 2022 senam
381 1967 440 2021 est:
456 1977 538 2040 spem
554 1959 697 2020 habemus
711 1957 923 2040 pertingentem
948 1957 1097 2036 usquead
1112 1956 1207 2016 Deum
1230 1956 1336 2036 ipsum,
1359 1977 1437 2038 qnae
1516 1969 1517 1998 ν

264 2066 401 2130 coelestia
416 2067 494 2128 bona
502 2063 695 2146 apprehendit
703 2074 792 2145 atque
807 2065 838 2125 in
853 2061 888 2125 iis
902 2061 1007 2143 figitur.

353 2191 380 2234 v.
397 2173 448 2238 20.
464 2169 540 2236 duco
563 2171 735 2258 πρόδρομος
758 2167 831 2256 ὑπὲρ
854 2169 939 2260 ἡμῶν
961 2165 1101 2258 εὶςηλθεν
1124 2165 1253 2255 Ἰησοῦς,
1275 2173 1358 2235 κατὰ
1380 2175 1437 2260 τὴν

264 2277 345 2353 τάξιν
361 2275 556 2366 Μελχισεδὲκ
566 2275 726 2364 ἀρχιερεὺς
735 2283 893 2364 γενόμενος
908 2273 950 2350 εἰς
965 2280 1014 2342 τὸν
1024 2273 1126 2340 αἰῶνα.
1138 2310 1176 2321 -
1187 2275 1224 2337 In
1233 2275 1328 2338 iocum
1338 2275 1436 2352 illum,

263 2385 313 2468 qni
337 2393 381 2447 est
403 2384 480 2447 intra
502 2383 649 2457 aulaeum,
671 2383 690 2446 i.
708 2403 732 2449 e.
755 2383 785 2445 in
808 2381 969 2464 penetralia
989 2381 1092 2463 tempii
1115 2381 1254 2455 coelestis,
1276 2384 1315 2444 ad
1338 2385 1437 2446 Deum

264 2491 383 2554 Patrem
399 2491 428 2553 in
444 2501 575 2556 nostrum
597 2492 789 2563 commodum,
812 2497 929 2570 propter
950 2497 1078 2550 nostram
1100 2487 1226 2550 salutem
1249 2488 1327 2569 prior
1350 2491 1437 2552 nobis

261 2597 383 2661 intravit
397 2597 726 2684 ὄροιτο-πρόδρομος
742 2595 845 2658 dicitur
854 2611 1020 2678 praecursor
1029 2603 1058 2656 et
1069 2593 1229 2669 omninois,
1245 2596 1294 2676 qni
1303 2595 1437 2676 aliquem

263 2705 396 2789 praeivit,
420 2703 471 2786 qni
493 2703 571 2786 prior
585 2703 677 2765 altero
693 2702 781 2768 venit.
798 2739 838 2749 —
857 2701 955 2763 litium
979 2699 1026 2762 his
1049 2699 1147 2762 verbis
1170 2701 1320 2781 apostolus
1343 2704 1437 2776 docet,

263 2833 345 2895 spem
360 2821 490 2875 nostram
505 2831 567 2872 esse
583 2811 712 2884 firmem;
728 2809 753 2870 si
768 2807 844 2870 enim
856 2807 989 2870 Christus
1005 2825 1170 2887 praecursor
1181 2825 1233 2888 pro
1242 2806 1327 2870 nohis
1341 2808 1436 2872 intro

264 2918 318 2980 ivit
333 2917 361 2980 in
378 2917 498 2990 coelum,
515 2915 614 2998 utiquo
630 2935 696 2996 spes
716 2924 794 2978 certa
810 2923 862 2987 est,
878 2934 930 2976 nos
951 2933 1016 2975 euru
1042 2913 1111 2976 illuc
1132 2923 1278 2975 secuturos
1301 2933 1365 2976 esse
1388 2917 1435 2976 vel

262 3023 332 3106 quia
347 3044 399 3086 nus
415 3022 582 3104 praecurrit,
599 3033 632 3084 nt
648 3039 812 3103 sequamur,
827 3021 875 3082 vel
890 3019 959 3101 quia
970 3019 1063 3082 locum
1079 3019 1162 3082 nohis
1176 3031 1269 3101 parat,
1285 3021 1334 3082 vel
1351 3023 1435 3083 deni-

263 3151 319 3212 qne
335 3129 405 3210 quia
421 3129 538 3190 Patrem
554 3145 605 3209 pro
621 3127 713 3202 nobis,
730 3136 763 3188 nt
777 3125 847 3189 illuc
862 3125 1073 3207 perveniamus,
1088 3125 1263 3206 interpellat
1300 3127 1435 3210 Denique

263 3255 345 3319 spem
361 3243 490 3296 nostram
507 3234 595 3315 plane
610 3234 761 3296 confirmat
783 3253 817 3294 ac
832 3233 943 3314 perficit
961 3232 1110 3313 epitheton
1133 3232 1276 3314 pontificis
1292 3237 1433 3315 perpetui,

234 3389 237 3398 Δ
261 3343 338 3425 quod
354 3339 471 3403 Christo
486 3339 534 3401 hic
549 3339 632 3400 addit
647 3339 811 3420 apostolus3
826 3339 953 3401 ostendit
968 3339 1044 3401 enim
1061 3337 1210 3401 Christum
1233 3340 1315 3421 quasi
1332 3343 1433 3422 ponti-

263 3450 345 3510 ficem
362 3457 512 3509 aeternum
527 3443 609 3506 Patri
625 3464 677 3507 suo
693 3445 856 3525 passionem
878 3453 908 3506 et
930 3453 1052 3508 mortem
1075 3465 1158 3506 snam
1180 3465 1293 3527 semper
1313 3465 1433 3529 reprae-

264 3561 428 3616 sentantem
444 3561 474 3614 et
489 3550 654 3614 offerentem
669 3560 757 3631 atque
767 3549 925 3613 cultoribus
939 3551 998 3613 suis
1014 3569 1128 3613 omnem
1138 3553 1261 3632 gratiam
1277 3555 1432 3636 omniaque

266 3660 372 3734 media,
388 3658 493 3740 quibus
508 3660 538 3719 in
554 3657 665 3719 coelum
681 3640 864 3732 contehdant,
880 3658 1092 3740 impetrantem.

352 3765 488 3828 Ceterum
505 3763 610 3826 ultima
625 3766 714 3826 verba
735 3785 751 3826 e
774 3765 888 3846 psalmo
904 3763 969 3826 CX.
985 3767 1015 3829 4.
1037 3766 1172 3826 desumta
1190 3765 1322 3846 inprimis
1345 3786 1432 3850 prop-

263 3881 341 3934 terea
357 3871 463 3934 adiecit
478 3870 637 3953 apostolus,
660 3871 729 3952 quia
750 3881 817 3954 post
838 3871 954 3952 longam
980 3870 1182 3952 digressionem
1198 3891 1217 3933 a
1231 3872 1270 3933 V.
1291 3875 1431 3942 ll—VI.

263 3978 318 4045 20.
333 3977 392 4040 iam
408 3977 437 4040 in
453 3998 487 4040 eo
502 3987 574 4050 erat,
598 3987 631 4038 ut
649 3979 823 4042 sententiam
845 3998 937 4051 snam,
953 3976 1103 4040 Christum
1123 3997 1184 4040 esse
1206 3979 1372 4058 pontificem
1396 3983 1430 4043 ad

262 4085 406 4148 rationem
415 4083 648 4157 Melchisedechi,
664 4087 800 4165 probaret
814 4095 844 4147 et
858 4083 1063 4147 accuratiorem
1079 4084 1387 4150 interMelchisedechi
1403 4097 1431 4149 et

264 4191 374 4256 Christi
389 4189 579 4254 sacerdotium
596 4192 840 4272 comparationem
855 4190 1025 4255 institueret.
