3096 4886
294 329 354 392 lfili
749 327 872 389 Fspotltio
891 325 934 376 lX.
954 324 996 377 28.

254 551 262 563 .
289 517 376 586 atqru
386 527 448 566 sese
459 505 519 566 lleo
528 521 666 584 tauquam
682 505 851 566 sacrificium
862 505 962 568 ollarre
976 505 1119 568 debuisse.
1131 504 1227 567 Sicuti
1234 502 1413 574 hominibus,
1421 501 1458 562 iu-

290 611 361 694 quit,
372 612 425 674 Dei
442 613 554 674 decreto
563 611 650 672 seutel
663 611 841 672 moriendum
854 623 906 680 est,
922 611 1004 672 itaet
1013 611 1150 672 Christus
1159 611 1252 672 semel
1263 621 1458 672 mortemeau-

288 717 592 800 tleurqnepiaculareru
600 717 805 780 suirimaclleo
813 717 1094 779 s=seotlerredebuit
1104 717 1241 779 Similem
1249 714 1459 777 esseGlrristun

292 825 456 888 lrotniuibus
471 827 578 888 lactout
595 823 748 904 aliquoties
764 824 875 885 Paulus
889 825 946 886 hac
966 826 997 886 in
1012 825 1140 905 epistola
1161 825 1281 886 dixerat
1299 821 1364 903 (ex.
1379 839 1417 900 gr.
1430 821 1459 880 u

294 931 363 1004 ill,
379 935 428 996 sed
445 933 473 994 lt.
491 931 509 996 l.
533 931 602 992 ιίιιιιι
625 930 841 992 similitudinem
867 931 894 992 iu
917 943 1041 992 murtea
1058 930 1177 992 Christo
1198 930 1295 992 seruel
1321 927 1461 989 subeunda

293 1039 420 1120 expetiit,
437 1041 492 1100 bac
505 1040 575 1100 data
585 1039 731 1100 occasione
746 1037 832 1098 simul
842 1056 988 1098 summam
997 1037 1105 1098 Christi
1124 1033 1462 1118 dignitatempraediet

287 1145 329 1206 ita
346 1157 377 1208 ut
392 1145 480 1206 etiam
495 1153 696 1206 commemoret
713 1143 918 1214 diversitatem,
934 1145 1053 1224 quaein
1070 1145 1128 1206 bac
1142 1142 1345 1204 similitudine
1364 1138 1460 1201 Christi

288 1251 474 1312 etbomiauru
485 1251 656 1319 intercedam
673 1249 804 1311 homiues
813 1249 982 1321 moriuntur,
993 1270 1041 1312 eos
1050 1251 1190 1312 iudicium
1199 1259 1323 1323 mauet3
1336 1245 1461 1308 Christus

287 1367 416 1418 ιιιοιιιιιιε
430 1369 483 1430 εει,
500 1357 584 1418 iudea
600 1357 713 1425 redibit,
727 1369 755 1418 et
771 1355 894 1418 cultores
908 1377 976 1418 suos
997 1356 1093 1419 felices
1108 1359 1216 1419 reddet
1236 1393 1279 1402 -
1299 1351 1384 1420 καθ’
1400 1351 1460 1416 ὅσον

289 1465 457 1526 vertendum
475 1475 517 1524 est
535 1483 599 1544 per:
615 1475 764 1544 quatenus
775 1499 816 1510 —-
830 1463 1012 1528 ἀπόνασθαι
1027 1465 1162 1526 denotat:
1178 1462 1360 1544 repositum,
1370 1478 1460 1520 reeca

287 1568 380 1632 ditum
396 1591 474 1646 esae;
489 1571 591 1632 deinde
606 1569 761 1630 adhibetur
776 1571 811 1631 de
826 1570 970 1642 omnibus,
986 1591 1061 1650 quae
1076 1571 1205 1651 aliquem
1223 1579 1362 1640 manent,
1379 1567 1421 1627 ita
1434 1577 1459 1624 ot

289 1685 378 1738 trotet:
399 1677 513 1747 iactata,
530 1694 654 1744 uranere,
671 1689 814 1756 paralion,
831 1675 1009 1738 destinatum
1025 1697 1095 1739 esse.
1112 1713 1154 1722 -·
1173 1677 1246 1737 Post
1261 1677 1377 1736 verba:
1394 1675 1458 1758 μετὰ
1513 1709 1514 1732 ι

288 1784 319 1848 δὲ
336 1791 536 1870 raptorapto<
555 1782 748 1864 supplaudunt
765 1793 824 1844 est:
846 1781 1017 1852 ὰπόιιειταιι
1039 1790 1137 1867 κρίσις
1160 1785 1189 1843 h.
1206 1783 1227 1845 l.
1249 1781 1418 1861 generatim
1431 1778 1459 1836 de

289 1889 392 1952 iudicio
416 1891 585 1952 sumendum
610 1901 663 1950 est
688 1925 732 1934 —
751 1889 866 1950 Verba:
883 1888 962 1964 ἅπαξ
978 1895 1203 1976 προσενεχθείς,
1227 1887 1323 1949 semel
1350 1883 1459 1947 oblatus

287 2007 426 2080 tanquam
459 1997 577 2058 victima
619 1994 781 2076 placuistis
813 1997 987 2076 respondent
1021 1995 1132 2058 verbis:
1170 1994 1252 2069 ἅπαξ
1286 1994 1457 2058 ἀποθανεῖν.
1513 2075 1514 2080 ¹

287 2137 329 2148 -
354 2103 388 2164 ln
414 2101 524 2164 verbis:
549 2105 764 2188 προσενεχθείς
797 2113 827 2163 et
850 2103 1014 2184 ἀνενεγκεῖν
1038 2102 1274 2184 paronomasiam
1301 2105 1456 2181 agrioscuut

286 2207 464 2290 interpretes.
475 2243 518 2254 -
530 2208 667 2270 Fornula
682 2207 839 2296 ἀναφέρειν
849 2207 997 2295 ἁμαρτίας
1012 2219 1109 2272 notat:
1125 2211 1207 2280 ferre,
1224 2208 1253 2269 in
1263 2228 1297 2268 se
1307 2207 1455 2286 suscipere

286 2313 426 2376 sustinere
442 2325 561 2396 peccata
577 2325 814 2396 peccatorumque
833 2335 965 2396 poenam,
981 2315 1032 2380 ie.
1048 2315 1180 2396 expiare;
1196 2315 1327 2376 identica
1342 2322 1454 2374 esttum

287 2421 410 2483 tonnula
430 2419 484 2506 (X.
501 2419 544 2504 4.)
560 2421 696 2509 ἀφαιρεῖν
711 2419 868 2510 &papulae
883 2457 926 2468 -
943 2425 1054 2488 πολλοί
1068 2441 1126 2484 nou
1141 2423 1308 2500 reiragante
1326 2414 1455 2499 loquendi

259 2557 267 2570 ·
286 2549 338 2590 usu
354 2539 384 2590 et
400 2527 564 2610 postulante
580 2528 715 2608 analogia
730 2527 877 2600 orationis,
893 2528 1030 2608 analogia
1046 2528 1153 2590 biblica
1175 2537 1206 2588 et
1227 2527 1373 2606 analogia
1396 2519 1454 2584 fidei

287 2635 314 2695 h.
333 2635 351 2700 l.
367 2637 521 2696 denotant:
546 2655 646 2696 omues
668 2634 784 2696 omuino
799 2635 938 2699 homiues.
970 2635 1124 2696 Praeterea
1143 2633 1289 2705 Christus,
1312 2641 1452 2711 quantum

285 2743 322 2802 ad
339 2741 540 2803 sufficientiam
565 2741 706 2821 passionis
727 2741 840 2814 attinet,
869 2741 997 2803 omnium
1022 2741 1139 2821 quidem
1161 2739 1312 2801 hominum
1340 2745 1453 2818 peomta

285 2847 362 2920 tulit,
377 2848 446 2928 quia
461 2847 582 2909 valebat
597 2849 633 2908 ad
650 2847 779 2908 omnium
794 2847 1013 2920 redemtionem
1029 2857 1172 2928 quantum
1187 2864 1256 2908 vero
1271 2847 1311 2905 ad
1326 2843 1452 2906 efficien-

285 2952 368 3026 tiam,
384 2974 440 3014 non
456 2953 658 3026 omniumsed
674 2955 839 3016 multorum.
870 2955 936 3015 Non
960 2953 1035 3015 enim
1051 2973 1152 3015 omnes
1166 2971 1217 3032 per
1232 2971 1297 3012 eam
1312 2945 1453 3027 redempti

284 3067 353 3118 sunt
367 3069 397 3120 et
412 3059 527 3131 salvati,
542 3062 592 3121 sed
608 3061 702 3122 solum
718 3060 810 3134 eleati,
825 3081 897 3142 quoa
912 3059 974 3140 ipse
989 3061 1076 3122 Jesus
1091 3059 1180 3121 etiam
1195 3061 1319 3124 πολλῶν
1336 3054 1450 3120 nomint

284 3163 418 3245 designat
440 3165 592 3239 interdum,
615 3177 656 3240 ut,
678 3185 767 3248 quum
791 3166 860 3228 dicit
884 3165 974 3250 (apud
997 3167 1106 3227 Matth.
1128 3165 1204 3232 XX.
1219 3165 1287 3238 28.;
1305 3165 1341 3223 'et
1367 3162 1450 3223 Marc
1510 3187 1511 3218 ι

287 3269 327 3330 X.
344 3269 410 3354 45.)
426 3273 592 3346 sevenisse,
614 3283 648 3334 ut
670 3275 753 3336 daret
773 3273 901 3334 animam
924 3291 1007 3334 suam
1027 3271 1232 3360 redemtionem
1250 3291 1310 3351 pro
1332 3266 1449 3336 molae,

285 3385 314 3435 et
329 3395 418 3455 quum
429 3379 464 3439 de
473 3380 612 3460 sauguine
627 3400 679 3442 suo
688 3379 772 3441 dicit:
788 3379 837 3460 qui
853 3400 910 3459 pro
920 3380 1031 3443 multia
1040 3377 1201 3439 effundetur
1215 3377 1243 3437 in
1254 3375 1450 3436 remissionem

285 3491 465 3560 peccatorum
475 3482 851 3568 (Reduci—Verbalis
861 3485 999 3570 δευτέρον
1009 3489 1105 3571 χωρὶς
1115 3483 1263 3570 ἁμαρτίας
1273 3478 1448 3568 ὀφθήσεται,

283 3587 385 3649 iterum
402 3588 463 3650 sine
475 3591 761 3672 peccatoapparcbit,
771 3593 945 3670 respondent
959 3591 1002 3663 iis,
1019 3609 1093 3672 quae
1108 3609 1136 3650 v.
1153 3590 1203 3654 26.
1219 3591 1448 3667 praecesserunt:

283 3692 324 3768 εἰς
341 3694 486 3783 ἀθέτησιν
496 3697 645 3784 ἁμαρτίας
661 3699 709 3761 διὰ
725 3709 779 3784 τῆς
789 3701 899 3770 θυσίας
914 3695 1006 3762 αὑτοῦ
1016 3703 1229 3782 πεφανέρωται,
1244 3694 1273 3754 in
1290 3695 1346 3754 has
1362 3701 1448 3752 terras

282 3802 371 3875 venit,
387 3812 420 3862 ut
435 3803 571 3866 sacrificio
596 3824 647 3864 suo
670 3813 789 3884 peccata
805 3804 944 3883 expiaret,
966 3814 1054 3884 atque
1076 3805 1148 3864 adeo
1171 3801 1345 3881 explicanda
1368 3808 1446 3860 suut:
1508 3885 1509 3890 γ

281 3927 338 3968 uon
352 3917 494 3989 tauquam
510 3910 629 3971 victima
644 3909 800 3989 piacularis
815 3909 977 3988 apparebit,
1001 3929 1059 3972 nou
1081 3919 1115 3970 ut
1138 3907 1235 3988 expiet
1249 3915 1380 3986 peccata,
1402 3903 1446 3965 sed

281 4013 336 4093 piis
359 4013 418 4075 suis
440 4016 597 4078 cultoribus
619 4015 787 4077 felicitatem
812 4033 967 4094 perennem
989 4015 1153 4095 largiturus.
1180 4048 1217 4058 -
1235 4010 1277 4086 εἰς
1299 4018 1444 4099 σωτηρίαν

281 4122 503 4182 construendum
519 4131 564 4182 est
578 4141 643 4181 auru
660 4118 837 4210 ὀφθήσεται,
862 4122 1017 4205 apparebit
1038 4123 1076 4182 ad
1099 4120 1225 4181 salutem
1247 4120 1444 4185 conferendam

279 4224 323 4296 iis,
339 4227 388 4305 qui
404 4245 471 4286 eum
487 4235 664 4308 exspectant.
