3064 4894
538 324 858 390 expositorum-ro.
1219 329 1278 394 121

204 529 232 576 v.
251 511 301 575 13.
316 505 386 596 ’Ep’
402 509 435 574 ὃν
450 511 508 593 γὰρ
525 509 645 590 λέγεται
659 515 762 582 ταῦτα,
779 508 879 593 φυλῆς
895 504 1000 592 ἑτέρας
1017 461 1212 594 μετέσχηκεν,
1228 502 1281 592 ἀφ’

115 613 153 703 ἧς
173 612 270 690 οὐδεὶς
285 621 477 702 προςέσχηνιε
500 626 541 699 τῷ
563 617 776 700 θυσιαστηρίῳ.
793 647 837 658 -·-
853 613 1051 676 Sacerdotium
1074 612 1237 674 Leviticum
1253 621 1283 674 et

116 721 209 802 legem
225 721 384 784 Mosuieem
401 723 542 801 abrogata
557 739 627 792 esse,
643 719 763 781 ulterius
779 739 854 782 uuno
869 721 1090 791 demonstratur,
1113 727 1143 779 et
1165 717 1282 798 quidem

115 837 287 909 argumento
301 827 424 909 duplici3
439 827 540 900 altero,
556 828 632 907 quod
647 825 781 888 Christus
796 824 927 906 pontifex
941 845 999 887 uou
1015 845 1031 886 e
1050 824 1127 886 tribu
1143 823 1215 886 Levi
1232 826 1282 886 sed

114 954 131 995 c
147 934 225 997 tribu
234 935 314 998 Juda
323 943 441 996 exortus
449 933 488 995 sit
503 931 564 1018 (vv.
577 935 625 999 13.
643 933 723 1015 14.);
738 932 839 1006 altero,
855 933 930 1013 quod
940 932 979 994 sit
987 932 1118 994 sacerdos
1127 941 1283 1012 perpetuus

118 1043 248 1122 adeoque
264 1041 347 1104 uulle
361 1039 489 1122 amplius
503 1039 654 1102 sacerdotii
668 1038 981 1121 mutatioexpeotuuds
995 1037 1034 1100 sit
1048 1036 1108 1122 (νν.
1123 1035 1284 1121 15-19.).

118 1183 160 1196 -
177 1145 225 1235 ἐφ’
241 1145 284 1225 ὅν,
302 1148 331 1210 iu
347 1167 443 1228 quem,
464 1147 512 1209 vel
535 1148 570 1209 de
586 1164 651 1226 quo.
666 1181 710 1193 -
726 1155 828 1221 ταῦτα,
850 1147 926 1227 quod
948 1145 986 1208 sit
1007 1145 1068 1209 soil.
1092 1145 1225 1208 sacerdos
1245 1145 1283 1206 od

117 1253 260 1316 rationem
276 1253 508 1317 Melchisedeohi.
523 1287 566 1300 -
582 1259 741 1340 προσέχειν
756 1253 890 1315 deuotut:
905 1227 1065 1322 attendere,
1082 1250 1211 1314 uuimum
1227 1252 1283 1312 ud-

116 1370 226 1422 vertere
233 1379 245 1433 ‚·
260 1361 290 1426 h.
306 1360 325 1422 l.
341 1377 459 1441 operam
474 1377 582 1422 nevere
597 1359 693 1432 elteri,
708 1377 806 1422 surore
821 1360 917 1422 ollium
938 1362 975 1421 ad
992 1359 1094 1435 ultore,
1115 1379 1166 1421 scu
1188 1374 1284 1420 souer-

116 1469 214 1529 dotem
229 1486 299 1532 esse.

205 1592 233 1638 v.
252 1574 301 1639 14.
317 1570 480 1659 Πρόδηλον
494 1576 562 1658 γὰρ,
581 1569 627 1637 ὅτι
641 1569 673 1647 ἐξ
689 1568 793 1638 'loom
814 1569 1017 1638 ἀνατέταλκεν
1038 1569 1055 1637 ὁ
1071 1577 1176 1658 tropeo<
1190 1570 1284 1661 ἡριῑτν,

120 1677 162 1754 εἰς
175 1681 213 1768 ἣν
229 1681 328 1769 φολὴν
343 1684 410 1766 περὶ
425 1677 526 1764 ἱερέων
542 1675 628 1746 οὐδὲν
643 1675 778 1768 Modone
793 1677 954 1766 ἐλάλησεν.
963 1713 1007 1725 -
1017 1679 1116 1740 Verbo
1131 1676 1284 1764 πρόδηλον

117 1792 177 1872 γάρ
192 1785 400 1868 praesupponit
414 1785 572 1866 spostolus,
587 1784 722 1847 omuibus
737 1794 838 1846 uotum
853 1783 949 1857 fuisse,
964 1785 1067 1847 Jesum
1082 1805 1098 1846 e
1113 1783 1191 1852 tribu
1205 1783 1286 1845 Jude

116 1901 205 1974 utque
226 1891 350 1954 Devidis
371 1891 484 1954 familie
506 1891 653 1972 prodiisse.
677 1927 721 1937 -
743 1889 785 1966 εἰς
806 1893 843 1980 ἣν
863 1895 963 1980 φυλὴν
985 1895 1052 1980 περὶ
1075 1888 1178 1977 ἱερέων
1198 1887 1284 1956 οὐδὲν

118 1997 256 2090 Μοιῦσής
272 1997 440 2086 ἑλάλησεν;
462 1999 580 2079 Moyses
595 1997 672 2060 euim
686 1997 741 2060 Dei
761 1997 841 2060 iussu
857 2000 1019 2060 secerdotes
1039 2017 1074 2060 eo
1094 1997 1285 2060 sacerdotium

119 2107 272 2169 instituens
287 2126 345 2169 uou
360 2105 470 2167 tribum
484 2103 505 2165 J
508 2105 565 2166 ude
580 2105 631 2166 sed
645 2102 754 2166 tribum
764 2103 836 2165 Levi
845 2103 990 2167 allocutus
999 2113 1052 2178 est,
1067 2106 1183 2186 quaudo
1198 2121 1286 2186 pree-

118 2213 193 2295 cepit
207 2212 319 2276 Autroni
335 2221 365 2273 et
382 2211 451 2272 filiis
466 2208 536 2283 eius,
553 2217 586 2272 ut
594 2210 752 2273 sacerdotio
762 2211 955 2290 iungerentur,
971 2222 1001 2272 st
1015 2213 1070 2274 hoc
1084 2211 1148 2292 ipso
1162 2211 1286 2274 exclusit

119 2318 229 2381 tribum
246 2319 325 2380 Jude
340 2339 359 2380 a.
374 2316 540 2380 sacerdotio.

207 2445 236 2491 v.
254 2425 304 2493 15.
319 2421 383 2490 Καὶ
397 2429 605 2510 περισσότερον
620 2422 665 2488 ἔτι
679 2422 853 2510 κατάδηλόν
868 2421 954 2497 ἐστιν,
972 2421 995 2488 εἰ
1010 2428 1090 2490 κατὰ
1111 2430 1165 2514 τὴν
1180 2421 1284 2511 ὁμοιό-

118 2555 194 2620 τητα
209 2529 404 2620 Μελχισεδὲκ
419 2529 572 2597 ἀνίσταται
587 2524 682 2615 ἱερεὺς
697 2528 808 2616 ἔτερος,
826 2565 869 2576 —-
884 2531 956 2592 Post
977 2532 1083 2592 verbe:
1106 2535 1158 2596 οιαὶ
1180 2553 1284 2616 περισ-

116 2637 238 2724 σότερον
254 2638 297 2704 έτι
312 2637 486 2724 κατάδηλόν
501 2635 579 2702 ἐστιν
594 2635 745 2716 cogitando
760 2636 953 2699 adiiciendum
968 2645 1028 2699 est:
1052 2646 1166 2698 mutato
1188 2656 1285 2700 secer·

116 2745 195 2808 dotio
210 2743 340 2807 Levitico
356 2743 518 2825 perJesum
533 2740 706 2823 pontificem,
716 2741 805 2804 etiem
815 2743 907 2823 legem
920 2743 1081 2806 Moseioem
1096 2743 1283 2806 immutatam

117 2872 187 2914 esse.
207 2889 247 2898 -
263 2849 415 2939 ὁμοιάτρς,
430 2847 598 2922 similitudo,
617 2850 647 2910 h.
663 2849 682 2910 l.
704 2848 780 2911 idem
802 2850 891 2922 volet,
907 2852 983 2932 quod
998 2851 1081 2924 τάξις
1103 2851 1156 2934 (V.
1172 2853 1201 2918 6.
1217 2851 1282 2913 ooll

115 2959 184 3020 Vll.
204 2956 276 3044 11.)‚
292 2967 446 3038 utramque
460 2975 562 3018 vocem
577 2955 666 3018 etism
682 2954 775 3038 Syms
794 2956 935 3037 interpres
949 2958 1049 3019 eodem
1071 2957 1214 3040 expressit
1228 2977 1283 3020 vo-

113 3065 225 3128 cabulo.

202 3191 231 3236 ν.
250 3171 299 3237 16.
316 3172 349 3244 ὃς
366 3166 400 3236 σέ
416 3172 496 3235 κατὰ
518 3173 608 3256 νόμον
629 3167 756 3258 ἐντολῆς
779 3173 923 3256 σαρνιῑνης
944 3175 1071 3253 γέγονεν,
1094 3170 1180 3237 ἀλλὰ
1201 3175 1281 3237 κατὰ

114 3280 234 3366 δέναμιν
251 3283 331 3366 ζωῆς
347 3276 550 3342 ἀναταλέτοο.
566 3311 608 3321 -
625 3275 786 3338 Pronomeu
807 3276 962 3340 relativum
978 3275 1012 3353 ὅς
1034 3279 1214 3342 referendum
1237 3286 1282 3340 est

113 3388 151 3448 ud
167 3383 262 3472 ἱερεὺς
278 3385 380 3470 ἕτερος
404 3387 444 3466 (ν.
462 3379 577 3466 praec).
600 3417 644 3430 -
660 3383 761 3445 Verba
782 3389 862 3450 κατὰ
881 3382 972 3472 νόμον
994 3385 1121 3477 ἐντολῆς
1137 3392 1281 3474 σαρκίνης

113 3493 324 3557 Theodoretos
346 3491 424 3554 dioto
446 3510 508 3552 esse
530 3489 668 3570 iutelligit
689 3499 806 3572 propter
827 3491 972 3553 cemelem
996 3493 1213 3568 successionem,
1236 3494 1281 3557 cui

112 3601 197 3663 iuxta
212 3598 420 3681 praescriptum
437 3595 509 3677 legis
523 3597 677 3677 alligatum
700 3607 764 3658 erat
778 3597 969 3660 secerdotium
991 3607 1082 3663 vetus.
1114 3572 1182 3662 lion
1204 3599 1280 3661 euim

113 3706 247 3769 Christus
262 3707 305 3768 ita
321 3707 415 3767 iactus
429 3713 475 3765 est
488 3705 629 3777 sacerdos,
644 3712 677 3764 ut
692 3703 740 3765 vel
754 3703 817 3784 ipse
832 3703 918 3784 priori
934 3705 1104 3780 succederet,
1125 3705 1172 3767 vel
1188 3705 1280 3768 elium

111 3823 178 3894 post
193 3834 224 3876 se
239 3811 426 3892 relinqueret;
442 3812 493 3873 sed
508 3829 545 3872 ex
560 3809 668 3871 virtute
684 3809 792 3884 divino,
815 3831 889 3893 quae
904 3810 997 3873 vitum
1012 3810 1038 3872 ei
1054 3820 1186 3892 praestet
1200 3811 1280 3874 iuso-
1400 3841 1403 3846 ·

112 3919 242 3992 lubilem‚
257 3919 287 3981 id
302 3928 354 3990 est,
369 3917 573 3990 immortalem,
589 3927 622 3978 ut
636 3917 789 3980 successori
806 3936 862 3979 nou
885 3917 922 3979 sit
937 3917 1023 3979 locus.
1055 3917 1178 3979 Sensum
1202 3920 1280 3981 huuc

112 4027 200 4108 pleue
216 4026 306 4106 exigit
320 4022 524 4104 consequentia
539 4022 677 4084 sermonis
686 4023 851 4104 apostolici3
867 4033 955 4104 utque
970 4043 1004 4086 eo
1013 4033 1128 4105 spectat
1141 4025 1280 4106 allegatio

112 4131 262 4196 sacerdotii
277 4129 500 4201 Melchisedech,
521 4131 556 4191 de
572 4149 630 4210 quo
645 4130 754 4192 dictum
769 4140 813 4190 est
828 4127 869 4215 (ν.
886 4128 937 4214 3.),
960 4150 1026 4192 eum
1050 4151 1142 4212 oeque
1164 4131 1279 4194 initium

109 4239 230 4314 dierum,
246 4257 338 4320 neque
354 4237 440 4298 linem
456 4235 533 4297 vitoe
548 4237 715 4310 habentem,
731 4235 923 4298 assimilatum
940 4246 1039 4299 autem
1049 4237 1124 4300 Filio
1133 4238 1197 4312 Dei,
1212 4259 1278 4301 me-

112 4363 178 4409 uere
193 4346 371 4410 sacerdotem
386 4342 416 4407 iu
426 4352 597 4425 perpetuum
602 4359 611 4417 ;
628 4344 728 4406 eodem
738 4341 826 4404 etiem
836 4351 949 4424 spectet
957 4343 1092 4425 probatio
1101 4347 1279 4428 subsequens
