3094 4892
264 341 305 409 1ss
695 342 735 394 De
752 349 852 394 auemra
869 337 989 408 epimelae

260 532 343 606 gatos
364 529 473 582 camum
503 519 708 601 seripturamm
738 522 938 584 canonicarum
965 537 1116 584 numerum
1144 519 1336 591 constituisse,
1367 517 1428 578 iam

260 632 479 710 Hieronymus
493 625 601 704 (Praei.
617 627 646 686 in
663 625 727 691 libr.
742 624 869 710 Judith.)
885 627 993 708 aliique
1002 627 1056 688 viri
1073 625 1291 718 doctioensent3
1307 636 1337 685 et
1351 625 1430 686 inter

260 739 318 799 lias
340 732 496 814 scripturae
511 741 587 794 certe
602 732 725 813 epistola
753 734 791 793 ad
813 733 963 794 Hebraeos
984 733 1156 813 pertinebat,
1178 731 1297 814 quinia
1319 737 1430 793 canone
1535 805 1536 808 Ἴ

259 859 365 912 eorum,
381 838 431 920 qui
445 837 489 900 illi
505 840 615 919 synode
629 838 827 911 iuterfuerunt,
842 836 1025 922 reperitur.1)
1535 913 1536 920 ἵ

348 944 480 1024 Denique
495 943 696 1024 gravissimum
712 954 914 1024 argumentum
930 955 1082 1005 externum
1106 942 1190 1005 nebia
1213 945 1334 1024 praebet
1348 944 1427 1025 deq·

259 1055 378 1117 metica
400 1048 586 1126 Maaiaterii
607 1050 790 1131 infallibilia
818 1051 1001 1126 declaratio,
1030 1049 1184 1130 epistelam
1206 1051 1244 1110 ad
1268 1049 1428 1122 Hebraeos,
1535 1131 1536 1138 ἵ

259 1157 354 1241 prouti
369 1155 494 1236 reliquos
507 1155 547 1219 V.
563 1165 593 1216 et
611 1155 649 1216 N.
664 1157 698 1216 T.
715 1155 812 1228 libros,
828 1155 878 1236 qui
894 1156 923 1217 in
939 1156 1027 1218 reteri
1043 1156 1165 1235 vulgata
1188 1155 1281 1216 latina
1302 1154 1428 1216 editione
1535 1197 1536 1200 ,

259 1265 412 1334 habentur,
427 1262 467 1322 ab
480 1261 622 1341 inspirato
638 1261 774 1342 scriptore
789 1282 851 1324 esce
865 1272 1026 1327 exaratam.
1049 1261 1124 1323 Cum
1133 1261 1209 1322 enim
1225 1260 1427 1342 Magisterinm

263 1371 415 1432 laudatum
426 1367 555 1446 exeeptis
569 1367 804 1447 operibusMarci
820 1378 849 1429 et
864 1370 960 1430 Lucae
975 1369 1131 1448 aliaopera
1140 1369 1178 1428 ad
1193 1387 1332 1429 canonem
1342 1367 1380 1427 N.
1391 1368 1427 1432 T.

260 1495 317 1538 non
332 1472 471 1546 retulerit,
487 1491 575 1554 quam
592 1491 714 1553 quorum
730 1477 885 1536 constabat
899 1475 1050 1554 scriptores
1071 1473 1160 1535 fuisse
1184 1473 1340 1554 apostolos,
1356 1493 1427 1534 eon-
1535 1505 1536 1520 ,

259 1581 349 1643 elusio
364 1595 455 1660 prona
468 1587 521 1651 cst,
536 1577 609 1640 illud
626 1579 826 1660 Magisterium
841 1581 967 1642 Paulum
983 1579 1123 1660 epistolae
1138 1580 1176 1639 ad
1185 1580 1337 1642 Hebraeos
1353 1599 1426 1641 aue-

259 1697 350 1754 torent
365 1685 525 1767 agnovisse,
542 1685 609 1748 licet
624 1685 780 1747 Paulinam
795 1686 857 1747 eiua
872 1686 1008 1766 originem
1024 1685 1184 1766 dogmatice
1201 1705 1258 1747 nou
1274 1684 1427 1749 definierit.

260 1791 375 1871 ,Mae
399 1793 483 1855 enim
505 1791 627 1856 emeilii
651 1793 853 1855 automatum
877 1802 910 1853 ut
933 1801 1008 1853 reete
1030 1793 1167 1853 observat
1181 1789 1318 1874 maye)
1341 1813 1428 1868 ,nen

252 1901 324 1983 fait
337 1899 474 1980 definire,
498 1900 630 1978 quinam
651 1907 794 1981 ammeca
815 1899 950 1960 iubendi
972 1907 1047 1961 eunt
1069 1897 1225 1961 librorum
1248 1917 1427 1973 sacrorum,

261 2006 315 2070 aad
329 2007 461 2086 ammom
477 2003 552 2066 libai
571 2023 631 2086 poe
653 2005 756 2066 auceia
778 2013 808 2068 et
821 2006 980 2068 cononicis
1002 2013 1102 2067 caecat
1122 2005 1321 2086 macipiendr',
1343 2006 1428 2084 qued
1535 2011 1536 2082 }

257 2111 543 2196 contemnentia,
569 2129 650 2189 quae
674 2111 868 2192 praecedunt
890 2130 1040 2174 eumenem
1062 2130 1192 2191 eumque
1220 2115 1425 2190 concernunt
1535 2107 1536 2116 ²

260 2217 519 2280 canonicatuum
535 2215 675 2296 epistolae
684 2215 903 2277 auetoritaailla
917 2216 1080 2297 dogmatica
1089 2217 1224 2279 ecclesiae
1233 2216 1427 2278 declaratione
1487 2247 1488 2256 κ

259 2326 359 2404 utique
374 2322 512 2384 absoluta
526 2340 591 2383 eum
607 2321 775 2383 certitudine
797 2324 921 2402 probata
936 2333 990 2397 est,
1014 2323 1038 2384 si
1053 2323 1142 2384 etiam
1164 2343 1202 2384 ex
1226 2323 1361 2384 omnibus
1375 2341 1427 2384 ra-

260 2430 387 2493 tionibus
402 2427 502 2489 allatis
518 2428 644 2488 noudum
660 2436 832 2508 sequeretur,
848 2428 975 2490 Paulum
990 2429 1052 2490 eino
1066 2449 1128 2491 esse
1143 2439 1297 2492 auctorem.

282 2625 468 2689 Rationes
492 2632 674 2685 externae
696 2632 831 2685 centra
853 2623 967 2686 huius
988 2623 1183 2704 epistolae
1206 2623 1402 2705 origenem

735 2729 944 2792 Paulinam.
995 2757 998 2764 ·

347 2869 501 2934 Rationes
516 2879 663 2934 caterona
677 2870 849 2932 adversariis
858 2870 1041 2952 suppeditare
1051 2871 1186 2933 videntur
1195 2871 1292 2951 plures
1301 2872 1423 2954 antiqui,

258 2967 476 3061 qni'epistolam
492 2985 620 3037 nostram
643 2975 673 3036 in
698 2996 835 3038 canonem
858 2997 916 3038 nou
938 2986 1113 3058 receperunt.
1144 2977 1207 3038 Hes
1228 2977 1302 3038 inter
1324 2996 1424 3040 recen-

258 3094 337 3146 sent:
354 3079 533 3157 Irertaeum,
556 3081 762 3160 Marcionem,
785 3085 927 3164 ignotam
951 3093 1108 3146 auctorem
1132 3085 1262 3146 comenia
1282 3085 1425 3148 eeomeiee

261 3305 270 3308 ·
287 3299 289 3304 '
348 3292 366 3362 ¹)
386 3291 476 3344 Eutime
494 3291 634 3360 (comment.
654 3295 679 3343 in
691 3307 730 3358 ep.
743 3294 783 3343 ad.
796 3294 922 3344 Hebraeos
934 3293 1097 3362 Mogentiana
1112 3291 1187 3347 1844.
1201 3293 1298 3361 Preleg.
1311 3312 1368 3362 pag.
1380 3295 1418 3366 4.)

258 3385 374 3435 adnotat:
394 3381 474 3440 ,Oeam
492 3379 664 3447 Hieronymus
681 3383 709 3431 in
724 3383 895 3451 praefatione,
915 3399 994 3450 quum
1008 3383 1131 3449 praefinit
1148 3382 1212 3432 libro
1224 3381 1326 3446 iuditia,
1344 3383 1423 3448 mani·

250 3471 310 3537 ficet
326 3468 436 3538 Nicaeam
452 3469 558 3520 meato
575 3469 667 3520 Petrei
685 3471 843 3522 emititnieee
860 3479 958 3522 eertum
974 3487 1110 3522 numerum
1129 3471 1319 3536 reciprocarum
1346 3487 1421 3522 eone·

254 3559 390 3631 atomum
407 3565 499 3608 constet
516 3565 601 3608 autam
619 3556 794 3610 Athanasium
811 3559 854 3609 illi
870 3559 975 3610 concilio
992 3558 1149 3629 interfuisti,
1172 3574 1338 3626 nequaquam
1356 3561 1422 3610 aeri

255 3646 337 3698 simile
355 3654 392 3696 eet
408 3645 477 3697 hune
493 3645 641 3696 reietumun
653 3647 742 3716 fuitne
760 3647 892 3712 epistolem
917 3646 956 3696 ad
973 3645 1102 3696 Hebraeos
1125 3647 1192 3696 inter
1217 3646 1360 3712 scripturae
1378 3663 1422 3698 eu-

254 3735 367 3798 nenicua,
384 3735 438 3784 miri
460 3735 535 3784 iacto
560 3735 750 3800 praercriptum
773 3743 797 3784 et
821 3737 998 3787 auctoritatem
1020 3733 1133 3784 eiusdem
1158 3735 1265 3784 concilii.
1302 3735 1371 3785 Saue
1384 3737 1421 3786 D.

256 3823 366 3874 ibenter
382 3823 411 3874 in
426 3823 532 3889 prolem
550 3823 594 3872 eui
611 3823 787 3873 commeante-ii
804 3823 839 3890 (in
852 3839 890 3888 ep,
905 3825 936 3873 ad
945 3825 1041 3885 Hebr.),
1055 3839 1134 3890 quum
1147 3823 1211 3872 dicit
1223 3831 1283 3874 ente
1295 3824 1421 3891 mnodum

255 3911 396 3965 Nicocreon
408 3907 495 3981 sniise
512 3909 704 3978 combardum
723 3909 869 3961 dubitatum
888 3910 1120 3976 determinem,
1149 3912 1294 3978 aiom'ficnae
1317 3911 1422 3963 uidetur

254 4015 312 4050 eom
332 3999 515 4050 dubitationum
532 3999 622 4066 ulique
635 4015 729 4048 canone
741 3997 851 4048 Nioami
862 3999 1055 4069 conciliisuirm
1066 3999 1201 4049 eminatam.
1230 3999 1308 4059 Quod·
1316 4001 1421 4067 quidem

254 4090 372 4153 apntiar
389 4105 407 4136 a
426 4087 533 4138 Nicoloe
551 4086 658 4153 Lgrmm
682 4085 803 4155 (Preeem.
829 4089 854 4136 iu
877 4088 949 4138 hene.
970 4087 1050 4155 epist.)
1076 4089 1245 4155 macilentum
1270 4097 1314 4152 eet,
1340 4107 1420 4156 quum

253 4175 381 4246 osfhmot,
400 4177 529 4226 mention
547 4176 575 4224 in
593 4174 690 4243 synodo
708 4173 823 4225 Moenia
841 4175 909 4226 leone
934 4177 1066 4240 acumem
1090 4178 1220 4243 recepitne.
1257 4175 1334 4236 omo
1350 4177 1420 4228 idem

253 4263 469 4314 mamaeam
481 4262 600 4314 snam
613 4263 655 4314 ta.
675 4263 694 4314 1.
709 4263 767 4314 uer.
780 4272 891 4322 amam,
904 4264 1212 4332 ermeneumata.
1232 4253 1419 4318 n“canma‹.

344 4353 368 4418 ὓ)
387 4349 470 4417 Lama
487 4353 504 4400 1.
523 4367 544 4400 c.
563 4368 619 4417 pag.
640 4349 700 4402 380.
