3064 4894
247 329 310 396 γορ
666 327 850 393 manuari.
872 325 986 376 m-m.

243 505 405 590 ἅγίοιςιιαί
428 505 643 580 διακονοῦντες.
659 541 703 552 -
725 503 853 567 Causam
874 526 951 568 nuno
965 505 1095 568 laetioris
1116 526 1187 567 snae
1201 507 1239 566 de
1257 503 1417 566 lectoribus

244 613 435 694 persuasionis
450 611 600 693 apostolus
614 631 633 672 a
648 613 710 674 Deo
725 611 846 686 derivat,
867 613 897 674 in
913 632 1003 693 eoque
1025 631 1107 693 spem
1128 631 1213 673 snam
1233 632 1264 672 se
1286 609 1415 690 positam

245 721 352 782 babere
372 718 508 782 affirmat.
530 753 574 764 -
597 715 632 783 οἰ)
654 721 712 804 γὰρ
735 717 843 793 ἄδικος
864 716 881 783 ὁ
904 717 991 796 Θεὸς,
1014 718 1224 784 ἐπιλαθέσθαι
1246 727 1300 783 τοῦ
1322 717 1416 802 ἔργοο

241 823 339 916 ὁμῶνς
355 825 434 888 Dens
448 824 478 886 in
493 845 530 887 ss
543 823 646 887 litteris
655 823 777 888 alicuius
791 825 860 887 iacti
869 825 1000 888 oblivisci
1011 825 1123 897 dicitur,
1138 825 1255 905 quando
1271 821 1348 885 illud
1357 842 1416 886 non

243 941 441 996 remuneratur
455 941 508 994 aot
530 951 584 992 non
608 931 699 1011 punit.
716 965 760 977 -
775 933 908 995 Verbum
933 936 968 997 τὸ
983 931 1070 1017 ἔργον
1093 927 1175 1017 ὑμῶν
1196 929 1224 991 ἰο
1247 947 1353 1010 genere
1367 928 1416 990 in-

241 1037 333 1102 dicat:
350 1037 453 1119 agendi
469 1036 609 1100 rationem
625 1047 655 1098 et
670 1037 832 1100 accuratius
846 1039 981 1100 delinitur
996 1056 1060 1118 per:
1077 1051 1132 1126 τῆς
1147 1036 1286 1123 ἀγάπης
1307 1035 1414 1122 ἀγάπη

243 1145 318 1208 idem
334 1145 423 1218 valet,
439 1145 515 1226 quod
531 1143 631 1228 (XIII.
651 1141 692 1230 1.)
709 1145 903 1234 φιλαδελφία,
925 1162 1007 1207 amor
1022 1163 1093 1224 erga
1107 1145 1219 1216 iratres,
1244 1153 1274 1203 et
1295 1143 1415 1224 quidem

242 1250 429 1326 christianos;
444 1249 573 1330 sequitur
588 1249 681 1312 enim:
698 1251 747 1331 qui
762 1250 934 1312 ministratis
949 1262 1011 1324 τοῖς
1026 1249 1131 1333 ἁγίοις.
1148 1287 1189 1294 -
1207 1247 1249 1323 εἰς
1264 1254 1299 1315 τὸ
1315 1249 1415 1334 ὄνομα

242 1353 334 1424 &rob
358 1357 491 1418 denotat:
517 1365 634 1438 propter
654 1359 765 1429 Deoua
790 1355 844 1418 Dei
867 1377 962 1430 causa,
985 1356 1094 1438 pietate
1116 1375 1184 1437 erga
1206 1358 1303 1418 Deum
1325 1355 1415 1428 ducti,

241 1461 322 1526 coins
337 1461 494 1524 doctrinam
512 1462 692 1544 profitemini.
712 1499 750 1510 -
764 1465 910 1528 διακονεῖν
934 1462 1106 1544 capiendum
1121 1473 1165 1524 est
1173 1465 1210 1525 de
1219 1461 1416 1524 humanitatis

240 1567 341 1632 ciliciis
356 1567 581 1652 quibuscunque.

331 1675 377 1738 lix
394 1676 447 1738 boc
462 1691 546 1738 versu
562 1675 700 1758 seqnitur,
717 1677 794 1738 bona
809 1694 897 1756 opera
919 1696 981 1738 esse
996 1676 1149 1749 meritoria,
1172 1695 1234 1738 esse
1256 1693 1328 1736 vera
1351 1695 1414 1736 me-

241 1779 298 1844 rita
313 1782 349 1844 de
364 1782 503 1862 eindigno
519 1783 581 1858 (cir.
597 1780 682 1844 Oonc.
698 1781 776 1844 Tiid.
794 1782 847 1843 VI.
864 1801 926 1863 cap.
947 1780 1021 1867 16.).

329 1908 356 1954 v.
378 1885 669 1976 11.Ἐπιθομοῖιμεν
693 1889 735 1960 δὲ,
757 1887 886 1956 ἕκαστον
909 1885 991 1976 ὑμῶν
1014 1895 1066 1978 τὴν
1090 1885 1181 1978 αὐτὴν
1204 1887 1414 1954 ἐνδείκνυσθαι

241 1997 373 2084 σποοδὴν
395 2000 471 2080 πρὸς
495 2000 548 2083 τὴν
571 1997 780 2082 πληροφορίαν
804 2007 859 2082 τῆς
881 1992 1004 2069 ἐλπίδος
1026 1993 1101 2082 ἄχρι
1123 1999 1241 2071 τὲλοος,
1265 2029 1309 2040 -
1326 1995 1414 2056 Mens
1506 2039 1507 2044 ι

151 2181 154 2188 ¹
239 2100 363 2182 apostoli
379 2109 436 2162 est:
462 2098 606 2169 Quamvis
628 2099 736 2181 optime
759 2102 794 2161 de
816 2100 900 2162 vobis
922 2100 1047 2163 sentiam
1077 2111 1107 2162 et
1129 2101 1271 2162 confidam
1293 2113 1413 2181 propter

239 2225 274 2269 ea
289 2207 375 2280 bono,
391 2225 465 2288 qnae
481 2206 622 2268 hactenns
637 2225 702 2268 eum
718 2206 772 2268 Dei
795 2207 890 2287 gratia
912 2207 1019 2288 egistis,
1042 2217 1141 2270 tamen
1166 2207 1259 2289 cupio,
1282 2217 1316 2268 ut
1331 2205 1411 2268 omni
1508 2243 1509 2248 κ

239 2311 336 2376 studio
350 2311 380 2374 in
396 2331 429 2374 eo
445 2312 603 2386 enitamini,
629 2323 662 2374 nt
679 2333 745 2396 spes
760 2324 858 2376 vestra
872 2333 963 2395 usqne
979 2315 1017 2376 ad
1033 2315 1120 2376 linem
1142 2313 1221 2376 vitae
1243 2311 1412 2374 firmissima
1509 2321 1510 2326 ’

239 2418 279 2482 sit
293 2427 323 2480 et
338 2417 505 2492 certissima,
521 2419 539 2485 i,
555 2439 588 2493 a,
604 2429 637 2481 ut
652 2417 882 2483 constantissime
902 2420 1061 2482 doctrinam
1077 2418 1186 2482 Christi
1207 2418 1412 2501 profiteamini.

236 2525 340 2606 Praep.
362 2531 437 2611 πρός
460 2527 489 2587 b.
515 2526 533 2590 l.
555 2528 694 2588 vertenda
714 2535 759 2588 est
781 2543 845 2606 per:
868 2527 944 2607 quod
966 2526 1072 2588 attinet
1093 2529 1139 2591 nd.
1157 2564 1196 2572 --
1215 2529 1411 2614 πληροφορία

237 2631 350 2714 proprie
366 2634 488 2695 denotat
509 2633 628 2713 plenam
651 2631 797 2706 lationem,
820 2633 922 2694 deinde
945 2633 1147 2714 perfectionem
1170 2632 1335 2716 quamlibet
1357 2634 1410 2694 de-

237 2739 340 2812 clarat,
358 2739 508 2821 speciatim
531 2737 572 2801 rei
587 2739 709 2802 alicuius
732 2738 899 2800 firmitatem
922 2739 1069 2820 designat;
1092 2740 1191 2823 itaque
1214 2744 1411 2826 πληροφορία

237 2857 292 2936 τῆς
307 2845 429 2920 ἐλπίδος
451 2855 496 2908 est
518 2845 582 2928 spei
605 2845 743 2920 firmitas3
765 2853 795 2906 et
817 2863 868 2926 per
882 2844 990 2912 ἐλπίδα
1012 2845 1183 2928 intelligitur
1206 2867 1272 2926 spes
1296 2845 1410 2918 salutis,

240 2951 387 3014 solicitatis
409 2961 543 3014 aeternae
566 2970 617 3032 per
640 2951 788 3014 Christum
803 2951 954 3032 promissa.
979 2953 1111 3040 -ἄχρι
1133 2956 1242 3028 τέλους
1264 2972 1356 3033 usque
1371 2953 1410 3014 ad

238 3059 326 3120 linem
344 3057 431 3123 vitae.

328 3183 357 3230 v.
376 3165 424 3228 12.
437 3161 488 3230 ἵνα
504 3168 546 3252 μὴ
563 3165 678 3249 νωθροὶ
693 3167 833 3251 γένησθε,
851 3169 976 3252 μιμηταί
998 3167 1031 3230 δὲ
1054 3177 1111 3231 τῶν
1135 3167 1185 3230 διὰ
1206 3171 1335 3238 πίστεως
1357 3170 1410 3231 καὶ

240 3273 458 3359 μακροθυμίας
472 3272 743 3357 κληρονομοίιντοιν
766 3275 821 3346 τὰς
843 3269 1033 3355 ἐπαγγελίας.
1050 3307 1091 3316 -
1108 3273 1143 3333 Iu
1166 3273 1221 3334 boc
1241 3290 1338 3345 versu,
1360 3273 1410 3352 qni

239 3387 317 3441 arcte
340 3395 405 3441 cnm
429 3377 609 3457 praecedenti
634 3378 776 3450 cohaeret,
799 3388 898 3441 auctor
919 3378 1040 3441 lectores
1061 3377 1179 3452 excitat.
1202 3397 1238 3440 ne
1260 3398 1361 3458 segnes
1380 3389 1411 3440 et

243 3491 390 3565 torpentes
413 3481 582 3557 efficiantur,
605 3485 655 3546 sed
677 3492 711 3546 ut
732 3493 923 3564 assequantur
942 3484 1151 3566 promissiones,
1169 3520 1210 3532 -
1233 3489 1329 3558 πίστις
1344 3485 1373 3546 b.
1391 3485 1411 3548 l.

242 3591 351 3654 indicat
366 3591 478 3651 firmam
503 3589 532 3652 in
549 3590 691 3671 promissa
713 3589 812 3652 divina
833 3589 982 3664 fidnciam;
1006 3593 1205 3678 μακροθυμία
1227 3591 1412 3672 patientiam,

241 3717 317 3779 qnae
332 3714 425 3777 neque
440 3695 652 3779 longinquitate
667 3695 814 3778 temporis,
836 3716 928 3776 neque
943 3695 1161 3760 calamitatibus
1183 3697 1300 3778 pietatis
1322 3718 1412 3760 cansa

240 3801 415 3886 perferendis
431 3804 593 3866 concutitur
608 3813 637 3866 et
654 3803 856 3870 labefactatur.
872 3841 911 3848 -
930 3802 1103 3887 ἐπαγγελίαι
1124 3813 1193 3866 sont
1207 3805 1412 3885 promissiones

242 3909 380 3973 Patribus
394 3911 496 3983 sactae,
511 3910 621 3991 partim
636 3919 774 3983 terrenae,
785 3909 892 3991 partim
907 3909 1044 3973 coelestes
1058 3919 1088 3972 et
1096 3910 1270 3992 spirituales,
1286 3929 1411 3994 quarum

241 4015 312 4077 illae
326 4015 385 4078 iam
402 4017 511 4078 dodum
526 4015 665 4098 impletae
681 4025 771 4089 erant,
793 4016 868 4078 istae
890 4035 957 4080 vero
979 4017 1038 4078 iam
1061 4026 1215 4099 coeperunt
1230 4015 1343 4097 impleri
1360 4035 1412 4098 per

241 4121 399 4196 Christum,
415 4121 567 4203 perfectius
581 4123 747 4204 implendae
763 4122 941 4204 temporibus
956 4123 1069 4198 futuris,
1093 4133 1126 4186 nt
1148 4123 1265 4204 proinde
1281 4123 1411 4186 mediam

240 4228 376 4307 temporis
391 4228 582 4291 differentiam
599 4227 892 4318 (cippovopoboroo,
913 4229 962 4311 qui
979 4229 1173 4313 haereditant)
1194 4239 1270 4292 recte
1292 4229 1412 4309 elegerit

241 4335 389 4414 apostolus
404 4334 554 4420 (Eetion).
582 4375 611 4382 -—
635 4337 691 4400 Per
711 4341 979 4426 κληρονομοδνιας
1001 4357 1058 4400 non
1080 4347 1196 4399 tantum
1211 4335 1414 4413 Patriarcbae‚
