3106 4888
280 317 344 381 150
748 307 923 378 expensor.
943 307 967 362 t.

276 513 332 575 que
347 503 488 574 tauquam
503 491 673 554 vaticinium
695 501 816 572 spectat,
839 513 896 574 quo
919 493 1059 554 hactenus
1081 488 1160 554 dicta
1183 487 1218 554 de
1241 487 1448 554 sacrificiorum

276 598 470 662 Leviticorum
484 598 686 661 imbecillitate
710 608 740 660 et
754 598 883 660 sacrificii
900 597 1008 662 Christi
1031 598 1200 660 necessitate
1222 599 1449 677 comprobentur

276 715 306 766 et
314 706 524 779 confirmentur,
535 705 693 767 necessario
703 707 889 768 statuendum
899 714 951 779 est,
963 714 1060 768 vatem
1071 713 1212 786 tanquam
1220 712 1327 786 typum
1335 701 1448 763 Christi

274 811 358 874 illum
374 812 522 893 psalmum
537 811 680 886 cecinisse,
695 811 848 892 verbisque
858 821 972 892 praeter
984 831 1099 874 sensum
1108 810 1253 872 literalem
1268 809 1359 871 etiam
1370 829 1447 881 eum,

275 938 361 1000 quem
376 918 526 998 apostolus
542 917 590 980 hic
611 917 749 990 declarat,
773 917 934 991 subiecisse,
958 927 1046 998 atque
1068 919 1140 978 adeo
1162 915 1335 978 vaticinium
1360 936 1447 976 sensu

275 1025 396 1106 mystico
418 1026 453 1086 de
469 1025 578 1086 Messia
596 1024 711 1085 valere.
728 1059 770 1072 -
787 1023 934 1086 Particula
959 1025 1004 1088 διό
1025 1025 1174 1084 referenda
1196 1033 1241 1084 est
1265 1023 1304 1083 ad
1327 1039 1448 1102 praece-

274 1130 387 1193 dentia:
404 1129 472 1210 quia
497 1129 633 1192 nimirum
648 1129 827 1210 impossibile
851 1139 896 1191 est
917 1129 1055 1210 sanguine
1076 1138 1225 1191 tauromm
1247 1138 1278 1188 et
1300 1127 1448 1188 hircorum

274 1239 385 1299 auferre
400 1244 528 1316 peccata.
545 1271 588 1282 —
604 1233 674 1306 Qua
688 1235 851 1298 subiectum
865 1235 946 1298 verbi
962 1238 1042 1317 λέγει
1058 1233 1232 1315 supponitur
1248 1233 1392 1305 Christus,
1418 1233 1448 1292 in

274 1343 354 1406 cuius
369 1360 491 1424 persona
513 1341 667 1422 psalmista
691 1340 740 1426 (ex
764 1353 859 1404 mente
881 1341 1018 1423 apostoli)
1043 1342 1154 1403 locutus
1175 1351 1229 1405 est.
1247 1378 1284 1386 —
1307 1338 1447 1425 εἰσερχό-

276 1473 372 1535 μενος,
388 1467 478 1528 quum
500 1449 641 1510 mundum
663 1448 774 1528 ingredi
795 1449 893 1510 vellet
910 1486 952 1494 --
976 1451 1085 1512 θυσίαν
1108 1452 1160 1512 καὶ
1185 1450 1363 1532 προσφορὰν
1391 1441 1448 1508 oda

275 1554 447 1644 ἠθέλησας,
463 1554 602 1616 sacrificia
618 1553 679 1615 sive
694 1563 813 1616 cruenta
827 1556 888 1616 sive
911 1554 1059 1616 inementa
1082 1555 1136 1615 tibi
1157 1573 1216 1614 non
1237 1553 1364 1632 placent.
1397 1550 1448 1612 Si-

274 1661 358 1723 miles
373 1661 535 1724 sententiae
550 1671 700 1723 occurrunt
728 1661 757 1722 in
773 1681 816 1742 ps.
839 1662 874 1722 L.
891 1660 1026 1735 7—15.;
1051 1661 1102 1722 LI.
1129 1661 1179 1725 18.
1192 1679 1235 1735 s.;
1256 1658 1316 1722 Jes.
1333 1658 1358 1719 I.
1377 1658 1447 1729 ll.;

272 1767 378 1832 Jerem.
394 1767 449 1829 VI.
467 1769 533 1839 20.‚·
561 1767 631 1829 VH.
655 1769 812 1844 21-23.;
837 1767 908 1830 Hos.
925 1767 980 1828 Vl.
996 1768 1041 1840 6.;
1057 1765 1127 1828 Am.
1151 1765 1191 1827 V.
1209 1767 1261 1831 21.
1277 1784 1331 1838 ss.;
1355 1763 1449 1828 Mich.

273 1875 328 1936 VI.
344 1875 457 1946 6-8-;
474 1875 497 1934 Ι.
514 1872 594 1936 Sam.
604 1873 676 1934 XV.
688 1875 739 1938 22.
749 1870 771 1957 ι)
782 1886 920 1959 -crhpa
931 1875 962 1937 δὲ
973 1878 1143 1960 κατηρτίσω
1157 1896 1216 1958 μοι,
1231 1879 1448 1951 corpusautem

272 1980 382 2060 aptasti
398 1979 488 2053 inihi;
504 1980 662 2040 translator
677 1979 818 2060 epistolae
842 1981 915 2042 haec
929 1957 1020 2041 verita
1041 1981 1128 2040 refert
1150 1980 1188 2039 ad
1211 1979 1376 2039 humanam
1391 1995 1448 2036 na-

273 2097 371 2149 turam
386 2087 426 2146 ab
441 2094 558 2146 aeterno
573 2084 629 2146 Dei
638 2085 713 2146 Filio
723 2094 884 2147 assumtam
892 2105 901 2161 ;
917 2104 1003 2147 sensu
1012 2085 1121 2147 seilicet
1136 2085 1236 2146 hocce:
1252 2100 1358 2163 corpus
1374 2081 1448 2142 mihi

272 2193 392 2272 aptasti,
414 2199 448 2252 ut
468 2190 616 2253 voluntati
640 2201 708 2252 tuae
730 2194 909 2272 obsequerer,
933 2201 966 2252 ut
988 2211 1034 2252 me
1058 2187 1448 2277 (coll.v.10.)prohostia

271 2300 409 2370 offerrem,
425 2299 554 2378 adeoque
577 2296 743 2359 hominibus
766 2316 864 2359 veram
891 2297 1096 2378 expiationem,
1120 2297 1238 2377 plenam
1260 2303 1446 2375 peccatorum

272 2405 388 2466 veniam
405 2402 593 2468 conciliarem.
613 2438 650 2448 —
669 2403 823 2483 Discrepat
836 2421 904 2464 vero
919 2403 948 2466 h.
965 2403 983 2463 l.
1007 2403 1100 2466 versio
1116 2401 1332 2475 Alexandrina,
1357 2420 1446 2482 quarn

272 2520 369 2574 noster
383 2509 524 2590 epistolae
539 2518 637 2571 textus
653 2527 772 2590 graecus
787 2509 916 2592 sequitur
931 2529 950 2570 a
965 2510 1043 2571 fonte
1059 2508 1210 2582 hebraioo;
1232 2507 1263 2568 in
1286 2508 1344 2569 hoc
1368 2507 1446 2568 enim

273 2617 376 2698 legitur
394 2618 427 2709 rip
442 2637 526 2723 9³7?
548 2626 658 2722 njp'pp,
674 2633 758 2677 aures
773 2615 878 2687 fodisti,
895 2614 955 2676 sive
970 2613 1120 2694 perfodisti
1135 2613 1216 2675 mihi.
1247 2613 1353 2675 Verba
1374 2614 1446 2674 haec

273 2751 391 2803 autem:
408 2757 492 2800 aures
507 2738 604 2799 fodisti
620 2739 666 2799 vel
685 2738 832 2818 perfodisti
850 2737 931 2811 mihi,
946 2758 1032 2800 sensu
1050 2736 1158 2818 duplici
1173 2735 1300 2816 intelligi
1314 2745 1445 2816 possunt.

271 2845 416 2910 Nonnulli
432 2845 508 2906 enim
524 2853 639 2924 putant,
650 2844 793 2906 Davidem
809 2844 1076 2917 alludereadillud‚
1091 2841 1445 2924 quodExod.XX1.5.s.

270 2951 445 3032 praecipitur
460 2953 496 3012 de
511 2969 593 3013 servo
603 2952 747 3024 Hebraeo,
763 2951 811 3032 qui
827 2952 857 3012 in
872 2971 948 3012 anno
971 2949 1147 3012 remissionis
1169 2950 1343 3010 servitutem
1359 2967 1445 3028 prae-

271 3060 327 3119 fert
342 3056 480 3130 libertati,
496 3056 576 3118 cuius
591 3075 691 3118 aurern
707 3057 786 3117 iubet
802 3057 944 3118 Dominus
968 3056 1110 3136 applicari
1132 3058 1170 3117 ad
1193 3064 1310 3136 postem
1334 3057 1444 3127 domus,

272 3173 302 3224 et
317 3163 423 3224 subula
438 3161 575 3242 perforari
590 3161 621 3222 in
637 3162 751 3242 siguum
765 3172 923 3242 perpetuae
942 3162 1098 3225 servitutis.
1129 3163 1177 3224 Ita
1192 3163 1315 3223 denotat
1330 3161 1446 3242 phrasis

271 3269 359 3332 haec:
375 3267 512 3329 addixisti
528 3287 574 3328 me
590 3267 644 3328 tibi
660 3286 775 3329 servum
789 3278 969 3349 perpetuum.
1000 3268 1063 3330 Alii
1079 3287 1150 3332 vero
1166 3270 1272 3330 verba:
1299 3287 1386 3330 aures
1401 3269 1443 3329 fo-

273 3375 341 3436 disti
357 3374 403 3434 vel
419 3373 567 3453 perfodisti
583 3373 664 3446 mihi,
674 3373 704 3434 in
714 3375 791 3435 huno
800 3393 916 3437 sensum
926 3375 1088 3454 explicant:
1105 3393 1190 3436 aures
1200 3395 1282 3436 meas
1297 3373 1444 3455 aperuisti,

273 3500 320 3541 me
335 3479 443 3542 scilicet
457 3479 619 3560 praeceptis
634 3479 692 3540 tuis
707 3480 887 3541 obedientem
903 3481 1002 3542 fecisti.
1035 3479 1215 3561 Quocunque
1241 3490 1345 3542 autern
1361 3500 1441 3543 sensu

272 3587 362 3646 verba
378 3587 450 3648 haec
465 3585 651 3664 accipiantur,
667 3605 723 3646 non
739 3585 903 3666 discrepant
917 3607 936 3647 a
951 3587 1076 3649 formula
1091 3606 1207 3666 graeca:
1232 3599 1323 3671 σῶμα
1339 3589 1372 3650 δὲ
1387 3609 1441 3650 aa·

272 3696 399 3779 τηρτὶσω
417 3715 477 3777 μοι,
500 3708 602 3770 corpus
626 3701 724 3752 autem
749 3692 859 3770 aptasti
885 3692 956 3755 mihi
963 3712 972 3767 ;
995 3694 1096 3754 eadem
1121 3691 1198 3754 enirn
1222 3693 1373 3754 sententia
1396 3710 1442 3772 per

272 3807 424 3878 utramque
439 3796 560 3877 phrasin
576 3796 747 3875 exprimitur
753 3815 761 3869 ;
778 3797 901 3858 scilicet:
925 3817 971 3859 me
986 3798 1133 3860 voluntati
1149 3808 1219 3860 tuae
1235 3800 1439 3880 obsequentem

271 3903 371 3964 fecisti.
387 3939 430 3949 -
447 3901 546 3964 Causa
560 3901 633 3980 ipsa,
650 3904 687 3962 ob
698 3922 785 3982 quam
795 3913 925 3965 auctores
940 3903 1079 3965 versionis
1094 3904 1318 3966 Alexandrinae
1334 3915 1439 3966 atextu

271 4008 406 4070 hebraico
422 4007 612 4079 discesserint,
628 4027 693 4069 curn
708 4007 877 4070 certitudine
893 4003 1010 4072 indicari
1026 4010 1141 4090 nequit;
1162 4010 1326 4073 translator
1347 4023 1439 4073 autern

220 4157 228 4165 ,
271 4113 411 4192 epistolae
427 4115 517 4173 verba
531 4114 604 4175 haec
619 4113 702 4174 iuxta
718 4114 876 4175 versionem
892 4115 1125 4178 Alexandrinam
1149 4117 1261 4190 citavit,
1285 4119 1357 4198 quia
1378 4129 1441 4180 tunc

271 4217 409 4296 temporis
424 4237 459 4278 ea
475 4217 558 4278 lectio
573 4219 698 4279 multum
713 4229 827 4298 recepta
843 4231 912 4281 erat.

273 4321 481 4330 ff—..d

365 4355 384 4426 ¹)
403 4355 452 4403 Cfr.
472 4353 625 4404 Lbnemovm
650 4359 666 4405 l.
686 4373 715 4415 c.,
734 4357 769 4406 St.
789 4356 849 4412 319.
