3064 4894
256 293 320 396 104
695 327 820 392 Expositio
838 327 885 376 vr.
903 323 981 378 4-6.

252 510 325 570 haee
339 527 404 569 eum
421 505 548 587 proxime
563 505 737 588 antegressis
752 503 896 588 particula
911 529 942 570 τε
957 503 1064 566 arctius
1087 525 1218 568 connexa
1239 525 1328 586 quam
1353 525 1427 587 par-

253 615 344 678 tioula
358 619 411 679 ααί
426 621 455 674 et
470 615 507 674 ad
523 619 725 700 γευσαμένους
740 613 891 674 referenda
911 611 965 672 illa
986 611 1082 692 priora
1096 613 1200 674 verba:
1223 614 1321 677 καλὸν
1345 611 1426 677 Θεοῦ

253 719 337 810 ῥῆμα
351 719 519 795 illustrant3
535 727 579 780 est
589 729 687 779 autem
702 715 774 783 αἰὼν
785 719 917 806 μέλλων,
934 717 1228 789 saeculumfuturum,
1245 718 1330 792 idem,
1347 721 1427 799 qnod

253 823 361 912 (11.5.)
377 826 397 915 ἡ
414 824 575 914 οἰκουμένη
591 824 611 914 ἡ
629 827 794 910 μέλλουσα,
810 843 937 904 regnum,
953 823 1107 906 imperium
1117 822 1225 886 christi
1235 826 1292 887 hao
1306 825 1337 885 in
1348 833 1428 887 terra

252 935 422 996 inchoatum
438 941 468 994 et
483 931 640 1012 aliquando
655 930 685 992 iu
701 931 779 993 ooelo
794 931 1068 1005 consummandum
1091 931 1265 993 vocabulum
1282 933 1426 1018 δυνάμεις

251 1043 282 1103 h.
299 1041 318 1101 l.
335 1041 443 1102 indicat
464 1039 580 1100 effeetus
602 1037 712 1119 gratiam
734 1037 868 1110 internos,
891 1038 1071 1118 operationes
1093 1037 1211 1119 gratiae,
1234 1040 1319 1113 bona,
1344 1059 1427 1102 eom·

255 1149 343 1209 moda
357 1145 437 1226 regui
453 1143 608 1219 Messiaui3
624 1153 654 1205 et
669 1143 813 1206 sententia
833 1143 929 1205 verbis
950 1143 1026 1206 inest
1047 1145 1133 1206 haee:
1156 1145 1205 1224 qui
1227 1155 1428 1225 cognoverunt

257 1254 317 1315 iam
333 1251 515 1332 operationes
531 1251 650 1332 gratiae,
666 1273 716 1312 seu
732 1251 782 1332 qui
797 1260 984 1333 perceperunt
999 1250 1058 1312 iam
1073 1253 1159 1323 bona,
1175 1253 1335 1324 commoda,
1359 1251 1428 1312 feli·
1514 1269 1515 1272 ’

256 1359 375 1422 nitatem
391 1358 470 1438 regni
486 1357 610 1431 Christi3
626 1357 675 1438 qui
691 1357 870 1438 experientia
878 1365 1079 1438 ooguoveruut,
1094 1377 1182 1437 quam
1198 1359 1300 1419 beatos
1315 1356 1430 1418 Christi

253 1464 405 1546 imperium
422 1465 499 1544 regni
517 1464 560 1525 sui
577 1464 655 1525 cives
670 1465 781 1527 reddat.
798 1499 839 1509 -
849 1463 982 1525 Verbum
997 1469 1192 1550 παραπίπτειν
1202 1463 1317 1546 proprie
1332 1464 1428 1544 signi-

253 1573 332 1634 fieat:
348 1571 432 1633 iuxta
446 1571 575 1651 aliquem
591 1570 638 1631 vel
655 1571 766 1650 aliquid
782 1571 898 1644 eadere3
925 1571 989 1632 dein
1014 1580 1169 1652 usurpatur
1190 1573 1226 1632 de
1247 1569 1428 1644 hominihus

253 1677 302 1760 qui
318 1680 464 1749 aberrant,
480 1677 635 1739 deflectunt
650 1697 668 1737 a
684 1675 747 1751 via3
763 1675 831 1738 hino
847 1694 897 1756 per
912 1678 1113 1757 metaphoram
1124 1686 1221 1739 notat:
1237 1695 1341 1750 errare,
1358 1697 1426 1757 peo-

253 1803 335 1859 oare;
353 1786 382 1850 h.
400 1784 417 1845 l.
434 1787 469 1846 de
486 1783 520 1845 iis
535 1782 700 1845 adhibitum
711 1791 817 1854 exstat,
835 1782 884 1863 qui
900 1803 919 1844 a
934 1782 1069 1863 religione
1078 1782 1236 1844 christiana
1251 1784 1427 1846 defeeerunt.

253 1928 297 1939 -
312 1894 403 1956 πάλιν
419 1891 598 1952 referendum
615 1899 659 1951 est
674 1890 712 1950 ad
728 1888 940 1964 ἀναααινίζαν;
957 1888 1086 1970 phrasis:
1102 1889 1300 1964 ἀνακαινίζειν
1317 1887 1360 1964 εἰς
1370 1914 1426 1976 με·

253 2005 372 2065 τάνοιαν
389 1999 524 2060 denotat:
540 1997 578 2058 ad
593 1996 683 2057 animi
699 1996 729 2056 in
744 1994 848 2057 melius
863 1996 1062 2069 mutationem,
1085 1997 1122 2056 ad
1144 1995 1293 2058 meliorem
1313 1997 1427 2078 frugem

252 2107 394 2177 reducere,
410 2106 562 2165 emendare
577 2103 629 2177 ita,
646 2111 679 2164 ut
693 2103 731 2164 ad
747 2100 855 2163 curisti
872 2103 956 2183 signa
972 2110 1002 2164 et
1016 2103 1110 2163 vitam
1124 2101 1241 2163 virtutis
1263 2102 1426 2165 studiosam

250 2211 371 2272 redeant
393 2211 544 2272 —Totus
561 2205 819 2294 hiejlocusquoad
834 2225 935 2271 verum
960 2217 989 2270 et
1008 2226 1178 2290 germanum
1200 2229 1317 2271 sensnm
1339 2230 1426 2272 suum

253 2315 466 2396 restringendus
481 2318 578 2378 estad
593 2315 668 2392 illos,
684 2317 737 2397 qui
751 2317 902 2399 benefieiis
916 2314 1080 2400 relipe'enie
1089 2315 1279 2378 christianae
1295 2319 1427 2399 cognitis

253 2431 282 2486 et
294 2424 447 2505 perceptio
469 2442 490 2484 α
504 2423 570 2506 Jide
592 2423 769 2505 defecerunt
789 2429 817 2484 et
838 2424 873 2485 ἱνα
895 2429 980 2485 stato
1009 2421 1188 2505 desectionis
1215 2432 1425 2505 perseverunt.

252 2528 415 2610 Apostolus
431 2528 507 2590 euim
523 2549 581 2591 non
596 2528 789 2608 dogmaticam
797 2529 944 2608 quandam
954 2528 1128 2590 sententiam
1137 2529 1172 2589 de
1187 2528 1426 2609 impossibilitate

252 2634 356 2697 salutis
371 2637 466 2716 quoad
482 2645 560 2698 oerta
570 2635 714 2715 quaedam
724 2645 905 2714 peecatorum
920 2653 1024 2716 genera
1033 2635 1149 2716 profert,
1163 2637 1213 2697 sed
1228 2635 1326 2717 potius
1342 2638 1425 2698 uer-i-

252 2751 346 2806 tetem
363 2743 510 2822 quandam
525 2740 906 2824 welanheim-moralem
923 2741 1060 2822 explieat,
1070 2743 1233 2815 ostendens,
1246 2742 1327 2815 illos,
1346 2765 1424 2824 qoo-

251 2871 326 2912 rnm
344 2849 443 2910 eorde
458 2857 568 2911 contro
584 2848 692 2910 omnio
707 2846 823 2909 salone
839 2847 1032 2911 eleriste’enae
1056 2849 1199 2930 beneficio
1222 2857 1250 2911 et
1263 2847 1424 2912 solamine

252 2955 409 3016 obdurate
427 2962 509 3027 eant,
524 2959 637 3034 serapte
661 2961 782 3016 notare
805 2953 849 3016 ad
869 2953 1082 3034 recipiendam
1102 2940 1254 3038 prate'am¹
1267 2956 1424 3020 imitabiles

252 3079 325 3133 esee,
342 3078 504 3140 omnesque
518 3057 585 3120 iltis
601 3057 722 3122 oblatae
734 3061 862 3138 gratiae
876 3059 924 3122 nil
932 3059 1025 3123 aliod
1035 3061 1163 3144 efflare,
1178 3064 1290 3128 aiant
1296 3064 1424 3144 prodas

249 3167 329 3228 istas
344 3173 523 3247 respuentes
538 3166 639 3246 inopie
655 3165 758 3228 adhue
773 3167 967 3230 obdurentur
982 3175 1012 3230 et
1025 3165 1150 3250 eulpam
1165 3171 1336 3251 impietatis
1346 3188 1424 3232 meae

252 3277 397 3350 augeant.
429 3269 591 3350 Apostolus
607 3270 705 3351 itaque
721 3273 769 3334 hie
784 3271 847 3345 looi,
863 3271 958 3352 pronti
974 3291 1011 3334 ex
1026 3272 1069 3338 X.
1079 3274 1141 3348 26„
1157 3275 1285 3355 loquitur
1300 3276 1337 3338 de
1350 3296 1423 3358 pee-

250 3385 318 3440 eato
335 3380 369 3438 in
385 3375 545 3458 Spiritum
560 3399 593 3456 a,
610 3380 686 3458 quod
702 3377 844 3440 Dominus
859 3397 951 3459 neque
966 3377 998 3440 iu
1012 3379 1068 3442 hoo
1080 3381 1205 3454 saeculo,
1220 3401 1313 3462 neque
1329 3381 1359 3443 in
1375 3384 1424 3444 fu-

251 3493 315 3545 turo
330 3482 534 3544 remittendum
552 3484 722 3564 pronuntiat
745 3481 850 3568 (Mtth.
865 3483 939 3547 XII.
956 3486 1009 3552 31.
1024 3483 1084 3569 sa),
1103 3481 1116 3571 )
1133 3521 1176 3534 -
1199 3487 1361 3569 Partioipia
1375 3510 1424 3551 se-

251 3588 383 3670 quentia:
400 3589 663 3675 ἀνασταυροῦντας
673 3600 702 3652 et
711 3591 1035 3676 παραδειγματίζοντας
1045 3593 1146 3654 addita
1156 3603 1224 3655 sunt
1233 3596 1271 3656 ad
1280 3595 1423 3675 insignem

253 3696 503 3777 exaggerationem
519 3697 630 3776 peooati
645 3715 752 3771 eorum,
768 3696 817 3777 qui
832 3697 916 3758 afide
926 3699 1097 3777 defecerunt,
1114 3708 1144 3762 et
1153 3701 1272 3781 proinde
1280 3701 1424 3765 rationem

255 3801 404 3875 exhibent,
420 3805 458 3866 ob
474 3823 561 3884 quam
587 3802 765 3884 impossibile
785 3803 831 3878 sit,
854 3823 902 3865 eos
924 3823 1037 3867 rursum
1058 3823 1196 3868 renovare
1217 3809 1255 3869 ad
1270 3809 1424 3888 poeniten-

251 3907 340 3984 tiam;
357 3909 562 3994 ἀνασταοραῖνν
580 3911 607 3970 h.
624 3909 643 3976 l.
659 3911 793 3971 denotat:
809 3927 931 3984 rursum,
950 3913 1043 3973 denuo
1054 3911 1203 3975 inoruoem
1213 3932 1312 3994 agere3
1329 3916 1425 3977 omnis

180 4037 182 4040 ·
252 4015 337 4090 enim,
354 4016 403 4096 qui
419 4037 437 4077 a
453 4013 588 4095 religione
604 4013 762 4077 ohristiana
777 4013 881 4088 deficit,
896 4015 1001 4079 iterum
1023 4017 1160 4099 crucifigit
1175 4016 1340 4096 Christum3
1364 4021 1383 4088 i.
1399 4043 1424 4086 e.

251 4141 342 4202 aeque
358 4141 393 4183 ae
407 4119 521 4193 Judaei,
537 4121 586 4200 qui
601 4119 704 4182 Jesum
718 4121 774 4182 Dei
789 4120 882 4182 filium
906 4121 937 4184 in
961 4141 1073 4186 munem
1094 4134 1222 4205 egerunt,
1248 4145 1356 4207 magno
1371 4147 1424 4190 suo

308 4406 310 4410 .
345 4349 362 4406 ι)
383 4349 432 4396 oa.
451 4345 561 4412 seara
579 4319 594 4398 i.
616 4365 646 4407 a,
664 4347 701 4400 a.
723 4348 779 4400 137.
801 4352 831 4408 r.;
852 4349 1005 4402 ramam
1022 4353 1039 4401 r.
1058 4369 1088 4409 a,
1107 4351 1141 4402 sa
1163 4351 1222 4402 mo.
1250 4355 1267 4405 r.
