3096 4886
548 311 674 407 llxporitio
692 339 724 391 X.
742 335 786 390 37.
805 327 847 389 38,
1216 321 1286 404 I‘l'l¹

109 520 171 584 iam
186 501 267 584 brevi
284 530 438 584 ventnmm
453 540 524 586 esse.
535 555 576 566 -
586 521 703 582 Verba:
720 525 825 606 μικρὸν
834 516 905 583 ὅσον
921 516 991 583 ὅσον
1001 517 1176 581 adhibentur
1191 517 1279 580 etiam

109 649 129 689 a
144 627 273 708 profanis
287 627 474 709 scriptoribus
488 629 524 688 de
538 645 569 688 re
585 625 706 706 exigua3
729 627 758 688 h.
776 627 794 686 l.
810 628 845 686 de
860 644 1001 706 perquam
1023 625 1127 706 exiguo
1142 635 1279 706 tempore.

110 733 279 798 Geminatio
288 734 370 797 verbi
378 733 449 800 ὅσον
459 744 504 796 est
514 735 658 815 quaedam
665 732 790 794 imitatio
799 731 976 794 Hebraismi.
992 733 1119 794 Hebraei
1127 733 1204 794 enirn
1210 715 1281 808 rem,

110 837 1281 922 dequasermoest,intenderevolentesgeminantvocabnlum(Erebuni-Apo-

110 947 266 1010 stolnshoo
273 957 303 1009 et
313 947 443 1028 sequenti
452 965 538 1009 versu
547 947 665 1008 adducit
671 945 767 1008 locum
776 947 931 1009 Hadaran
940 943 991 1026 (11.
1003 947 1031 1010 3.
1039 942 1083 1028 4.)
1090 945 1141 1020 ita,
1151 949 1282 1008 utverba

110 1053 277 1135 Prophetae
284 1039 442 1118 sualaciat.
457 1053 560 1116 Verba
568 1053 632 1133 ipsa
639 1051 887 1114 iuxtaversionem
893 1050 1091 1114 LXX.citata
1098 1063 1174 1127 sunt,
1181 1044 1282 1136 quaea

111 1181 198 1222 seusu
206 1169 306 1223 textus
316 1159 444 1222 hebraici
453 1160 637 1242 aliquantum
647 1158 799 1239 discrepat.
814 1159 849 1218 ln
856 1167 940 1220 textu
948 1159 1082 1221 hebraico
1092 1179 1187 1222 sermo
1196 1171 1239 1222 est
1246 1149 1283 1224 de

110 1263 1282 1348 iudicioDeisuperChaldaeos,adversariospopnlilsrael.Prophetadetriumpho

113 1370 1282 1452 ChaldaeorumsuperpopulumIsraeldolensaooonquerenssuperneillumina-

114 1487 163 1540 tus
177 1478 279 1560 recipit
285 1477 510 1540 consolationem
520 1479 619 1551 aDco‚
626 1476 675 1557 qui
683 1475 709 1538 ei
715 1475 869 1537 imminens
878 1494 964 1556 snper
973 1473 1137 1539 Chaldaeos
1145 1477 1285 1541 iudicium

114 1581 1217 1665 annuntiatillndqueiutabulaseribereiubetretquidemDeushoeiudicinm
1226 1586 1282 1647 ¹cito

115 1690 296 1764 scribiiubet,
312 1700 346 1752 ut
352 1691 502 1753 confestim
515 1691 636 1771 legatur,
643 1688 713 1769 quia
723 1697 840 1768 tempus
854 1687 880 1748 ei
893 1697 1038 1750 statutum
1047 1689 1107 1750 iam
1121 1693 1280 1774 appropin-

113 1805 196 1878 quet;
206 1795 320 1858 etiamsi
329 1796 434 1858 morari
443 1795 584 1867 videatur,
600 1802 675 1856 certe
682 1802 780 1854 tamen
789 1791 887 1854 veniet
893 1802 923 1853 et
931 1812 988 1856 non
996 1794 1126 1856 tardabit
1135 1794 1209 1879 (⁸¹3³
1224 1804 1281 1879 ⁸⁶3,

115 1920 256 1982 veniendo
264 1917 384 2002 veniet).
393 1919 495 1982 LXX.
505 1919 681 2000 infinitivum
691 1928 739 2000 κῃ
755 1935 807 1997 pro
816 1916 967 1999 participio
981 1917 1153 1998 accipientes
1167 1931 1198 1983 et
1206 1924 1284 1986 istud

114 2026 298 2108 participium
321 2027 359 2088 ad
381 2025 521 2088 Messinm
542 2026 706 2096 relerentes,
728 2031 891 2084 verterunt:
915 2021 1081 2110 ἐρχόμενος
1099 2027 1164 2116 ἥξει
1179 2034 1231 2095 καὶ
1247 2026 1282 2094 oh

115 2143 237 2220 χρονιεῖ.
254 2131 425 2214 Apostolus,
435 2139 470 2194 ut
477 2130 580 2194 relatio
589 2129 668 2192 vocis
677 2128 844 2216 ἐρχόμενος
853 2131 890 2190 ad
901 2147 1053 2210 personam
1063 2135 1189 2197 Messian
1199 2121 1283 2199 stric-

112 2240 171 2302 tius
186 2240 283 2302 adhuc
297 2239 426 2311 resultet,
442 2237 596 2300 articulum
612 2234 629 2301 ὁ
645 2235 798 2316 praeponit
812 2236 990 2317 citatumque
1005 2238 1100 2302 loonrn
1115 2243 1151 2304 de
1159 2247 1283 2306 seeundo

114 2344 223 2408 Christi
239 2347 367 2407 adventu
383 2345 519 2426 explicat.
535 2345 631 2406 Iocus
646 2342 694 2404 hic
708 2343 894 2422 propheticus
916 2342 959 2404 ita
974 2356 1159 2426 comparatus
1181 2359 1233 2423 est,
1249 2361 1284 2412 ut

113 2451 284 2514 relationem
300 2453 338 2514 ad
353 2469 507 2532 personam
522 2449 648 2512 Messias
663 2469 722 2529 qua
736 2449 857 2510 vindicis
873 2450 974 2530 populi
990 2452 1081 2530 Israel
1105 2474 1161 2516 non
1178 2456 1283 2518 directe

119 2557 235 2640 quidem
250 2557 392 2630 involvat,
415 2565 463 2620 ast
478 2576 543 2618 earn
565 2566 665 2619 tamen
687 2574 745 2616 non
767 2555 917 2628 excludat;
941 2555 999 2616 imo
1022 2561 1100 2638 apud
1122 2560 1285 2642 Prophetas

115 2667 228 2728 futurus
243 2663 344 2746 populi
359 2663 450 2726 lsrael
466 2681 551 2744 super
566 2661 746 2724 adversarios
762 2659 927 2742 triumphus
943 2664 1054 2742 passim
1076 2686 1142 2728 curn
1157 2669 1283 2730 Messian

118 2774 246 2836 adventu
261 2769 451 2850 coniungitur,
474 2779 503 2830 et
527 2790 565 2831 ex
586 2768 656 2832 locis
677 2767 753 2830 Dan.
775 2768 847 2834 v11.
873 2767 937 2843 13.;
959 2770 1046 2832 Zaoh.
1069 2772 1125 2838 lX.
1143 2775 1186 2850 9.;
1210 2777 1283 2838 Mal.

118 2881 173 2942 III.
192 2880 235 2952 L:
250 2897 293 2957 ps.
309 2877 377 2942 XL.
389 2878 431 2951 8.;
447 2875 591 2938 CXVIII.
608 2877 659 2941 26.
671 2873 809 2936 terminus
825 2872 991 2960 ἐρχόμενος
1001 2875 1063 2961 (ille
1079 2879 1128 2959 qui
1144 2892 1283 2962 venturus

121 2981 177 3068 est)
193 3003 252 3065 qua
266 2982 398 3064 specifica
413 2982 539 3044 Messias
555 2979 739 3062 compellatio
764 2981 904 3043 deductus
920 2990 973 3047 est.
1003 2980 1114 3052 Quodsi
1137 2987 1216 3050 locus
1238 2989 1286 3050 hio

115 3092 280 3172 Prophetae
295 3089 437 3152 Habacno
451 3091 489 3150 ad
504 3098 659 3150 venturum
674 3085 814 3148 Messiam
837 3089 1021 3163 referebatur,
1037 3094 1161 3156 seeundo
1177 3092 1286 3156 Christi

18 3280 21 3286 Ι
116 3195 253 3260 adventui
269 3196 363 3276 magis
374 3215 463 3276 quam
479 3195 572 3276 primo
582 3193 774 3276 applicandus
789 3203 860 3268 erat,
876 3193 958 3256 etita
972 3196 1117 3259 messiane
1132 3198 1217 3262 istius
1232 3201 1286 3264 loci

118 3301 318 3384 interpretatio
333 3319 384 3382 per
398 3311 544 3365 auctorem
554 3309 684 3363 nostrum
694 3301 733 3361 ad
747 3301 905 3380 perfectum
922 3321 1038 3364 sensum
1054 3325 1138 3366 suurn
1151 3317 1288 3386 provecta

119 3419 171 3476 est.
202 3405 347 3478 Quamvis
362 3407 440 3470 enim
456 3407 591 3470 Christus
611 3406 672 3468 ianr
693 3406 723 3466 in
739 3406 832 3486 primo
854 3427 906 3470 sno
929 3410 1056 3471 adventu
1081 3432 1146 3474 curn
1171 3433 1289 3476 munere

119 3514 275 3579 salvatoris
289 3513 363 3576 illud
378 3513 479 3576 iudicis
494 3512 651 3586 coniunxit,
666 3520 833 3576 tamennon
843 3533 901 3593 qua
915 3513 1003 3576 index
1018 3519 1068 3578 sed
1080 3537 1139 3598 qua
1147 3521 1290 3582 redemtor

117 3622 214 3696 venit3
229 3622 353 3682 secundo
368 3629 467 3682 autem
482 3639 540 3700 qua
555 3619 643 3682 iudex
658 3618 821 3700 apparebit.

209 3747 237 3790 v.
255 3727 307 3794 38.
323 3722 359 3790 ‘O
375 3727 408 3792 δὲ
424 3728 540 3800 δίκαιος
562 3724 598 3791 ἐκ
620 3731 747 3800 πίστεως
770 3730 897 3812 ζήσεται·
921 3729 973 3791 acl
994 3726 1046 3792 ἐὰν
1070 3725 1282 3818 ὑποστείληται

119 3832 178 3902 oba
202 3831 352 3922 εὖδοκεῖὴ
374 3839 457 3922 ψυχή
474 3856 532 3920 μου
549 3832 579 3898 ἐν
595 3829 683 3918 αὐτῷ.
700 3869 741 3879 -
758 3835 823 3896 Hoc
836 3833 866 3894 iu
882 3851 975 3906 versu,
999 3835 1028 3894 in
1050 3856 1106 3916 quo
1123 3837 1201 3900 locus
1216 3857 1286 3919 pro-

118 3940 253 4024 pheticus
267 3941 363 4002 adhuc
377 3939 568 4013 continuatur,
583 3939 710 4004 mutavit
724 3948 824 4002 auctor
839 3939 977 4011 ordinem,
1000 3941 1049 4020 qui
1071 3950 1134 4004 tam
1156 3943 1186 4004 in
1201 3953 1286 4006 textu

117 4047 263 4121 hebraico,
279 4065 367 4127 quam
383 4045 413 4106 in
428 4045 558 4108 versione
573 4045 777 4107 Alexandrina
791 4045 923 4120 occurrit;
939 4048 1062 4108 duarum
1072 4048 1179 4111 scilicet
1194 4071 1287 4114 enun-

115 4153 272 4216 tiationum
287 4151 474 4234 posteriorem
489 4153 558 4214 facit
573 4151 712 4232 primam:
729 4149 745 4216 ὁ
762 4153 876 4225 δίκαιός
887 4175 944 4238 μου
961 4151 996 4217 ἐκ
1012 4159 1137 4229 πίστεως
1153 4161 1289 4244 (descen

119 4259 294 4322 anteriorem
309 4277 377 4320 vero
392 4259 528 4338 subsequi
544 4257 627 4320 lacit:
650 4257 702 4322 ἐὰν
718 4255 938 4344 ὑποστείληται,
960 4257 1017 4328 οὐκ
1040 4258 1157 4326 εὐδοκεῖ
1171 4262 1191 4353 ἡ
1206 4271 1290 4353 ψυχή

114 4389 185 4454 μοι)
202 4365 233 4431 ἐν
249 4360 341 4450 αὐτῷ.
371 4364 506 4444 Vulgata
521 4365 594 4426 haee
608 4367 700 4426 verba
722 4375 797 4428 reete
813 4367 915 4430 vertit:
941 4367 1085 4446 ,Quodsi
1105 4373 1298 4438 occaecat

178 4489 284 4538 renos,
298 4490 464 4526 commanus
1105 4473 1137 4526 12
