3106 4888
257 317 321 388 193
676 309 801 374 moeso
825 305 869 358 11.
888 300 933 356 aa.
950 298 995 354 ιο.
1037 355 1041 364 ,

255 495 436 578 reperiuntur
450 503 579 576 tempore
595 489 862 556 Μποοοοοοοιαοιι
887 484 949 572 (cir.
966 484 991 551 Ι.
1008 483 1101 546 Maon
1117 481 1141 545 L
1157 479 1225 553 otc
1247 475 1287 538 IL
1303 473 1371 552 28.;
1389 471 1433 541 II.

255 605 347 670 Mam.
362 602 402 670 V.
418 602 486 675 atr
501 599 557 662 VI.
575 595 651 679 tu).
775 615 784 634 ·

344 729 372 770 v.
388 709 440 776 39.
456 703 522 772 Καὶ
546 701 630 772 οὗτοι
652 710 771 779 πάντες,
795 704 1040 790 μαρτυρηθέντες
1062 701 1111 764 διὰ
1134 713 1188 788 τῆς
1209 703 1345 771 πίστεως,
1367 693 1430 762 aba

261 816 442 904 ἐπορίσαντο
458 818 511 902 τὴν
527 811 718 896 ἐπαγγελίαν,
735 845 776 858 -
793 808 850 870 Per
866 805 948 876 citor
962 816 1071 884 πάντες
1086 816 1155 870 sunt
1169 825 1269 868 omnes
1284 803 1351 866 inda
1364 823 1385 864 a
1401 821 1431 865 v.

259 925 291 990 4.
305 919 459 986 memorati
472 916 714 1000 intelligendi—
724 915 888 1000 ἐπαγγελία
903 917 1022 980 denotat
1030 917 1060 982 b.
1071 915 1091 980 l.
1100 914 1167 996 ipsa
1181 910 1432 994 bonapromiasa3

255 1028 317 1095 scil.
332 1027 500 1092 felicitatem
515 1024 704 1090 Messianam.

347 1155 377 1197 v.
391 1135 445 1200 40.
460 1142 514 1198 τοῦ
529 1129 607 1196 Θεοῦ
629 1133 697 1216 περὶ
718 1130 802 1220 ἡμῶν
824 1138 957 1218 κρεῖττόν
979 1157 1007 1200 τι
1028 1131 1288 1219 προβλεψαμένου,
1309 1125 1361 1194 ἵνα
1384 1131 1431 1214 μὴ

257 1246 354 1332 χωρὶς
369 1240 454 1330 ἡμῶν
470 1241 681 1304 τελειωθῶσιν.
698 1273 741 1284 -
756 1239 821 1302 Hoc
835 1257 921 1302 verso
935 1240 1011 1303 ratio
1026 1239 1154 1312 edicitur,
1178 1239 1216 1300 ob
1238 1253 1328 1318 quam
1342 1232 1384 1315 pii
1401 1241 1433 1294 et

256 1347 430 1421 iustia.1.
446 1347 484 1416 td
499 1345 565 1428 ipsa
579 1345 658 1408 bona
674 1345 817 1428 promissa
839 1365 896 1410 non
912 1345 1102 1428 pervenerint,
1124 1344 1194 1427 quia
1214 1341 1322 1406 scilicet
1344 1337 1433 1402 nobis

256 1456 337 1520 Deus
352 1451 456 1514 melius
471 1451 582 1534 aliquid
601 1451 790 1534 prospexerit,
799 1461 833 1516 ut
847 1473 905 1516 non
919 1454 980 1518 siue
995 1453 1079 1518 nobis
1089 1458 1367 1516 consummarentur.
1384 1481 1432 1493 —

263 1561 504 1647 προβλέπεαθαι,
514 1557 628 1640 proprie
637 1558 794 1640 providere,
803 1560 894 1624 etiem
901 1559 946 1624 ita
955 1569 1119 1642 usurpatur,
1128 1569 1162 1622 ut
1170 1565 1262 1622 notet:
1272 1554 1432 1630 consulere,

260 1666 420 1751 prospicere
443 1665 539 1740 alicui,
562 1683 666 1748 parare
687 1665 774 1731 alicui
796 1667 916 1748 aliquid.
932 1703 972 1715 -
991 1667 1071 1730 Illud
1092 1661 1224 1754 ιιρεῖττόν
1239 1683 1267 1730 τι
1289 1671 1334 1726 est
1349 1659 1432 1724 salus

258 1773 426 1849 Massicum
438 1771 507 1834 iusti
522 1781 553 1834 et
567 1771 608 1854 pii
621 1771 729 1836 veteris
743 1772 851 1836 ordinis
875 1794 933 1836 oon
955 1773 1055 1856 adepti
1079 1784 1148 1836 sunt
1170 1771 1308 1836 solatium
1322 1768 1431 1832 salutis

255 1871 367 1948 ,christi
382 1897 435 1962 per
448 1877 594 1942 visibilem
610 1877 824 1960 apparitionem
840 1883 902 1944 eins
916 1879 1043 1944 allatum
1051 1901 1060 1956 ;
1082 1879 1166 1945 uobis
1180 1896 1249 1940 vcro
1264 1875 1433 1940 christianis

259 1987 334 2052 illud
348 1985 487 2048 celadum
502 1983 614 2066 obtigit
630 2019 675 2033 -
690 1981 771 2056 Quid
786 1989 908 2052 verbum
923 1989 1115 2056 τελειοῦσθαι
1129 1986 1189 2057 bl.
1203 1984 1352 2067 significet,
1366 1981 1432 2046 dis·

258 2101 366 2176 putant
380 2091 566 2172 interpretem
581 2091 713 2154 nonnulli
728 2091 836 2168 dicunt,
851 2094 929 2160 istud
951 2096 1072 2158 verbum
1087 2093 1293 2175 explicandum
1315 2109 1378 2152 esse
1393 2090 1431 2151 de

256 2197 438 2262 beatitudine
447 2197 574 2274 animae,
590 2217 665 2280 quae
672 2198 804 2264 consistit
818 2201 848 2262 io
858 2201 913 2264 Dei
927 2201 1038 2266 visione
1052 2199 1244 2276 etfruition03
1258 2199 1335 2260 banc
1350 2195 1430 2258 enim

259 2306 363 2370 Patres
377 2302 491 2384 antiqui
505 2323 563 2369 nou
579 2313 647 2368 sunt
661 2305 761 2388 adepti
776 2307 877 2373 rtatim
892 2317 1105 2389 postmortem,
1127 2308 1177 2369 sed
1192 2312 1361 2386 exspectare
1375 2303 1431 2364 dc-

259 2413 385 2488 bnernnt
399 2419 515 2492 tempus
530 2429 623 2474 novae
639 2411 719 2494 legis,
741 2423 847 2477 utnon
869 2413 930 2476 sine
945 2414 1037 2489 nobis,
1061 2413 1111 2496 qui
1132 2413 1163 2475 in
1184 2421 1318 2492 tempora
1337 2429 1431 2472 novae

256 2517 329 2599 legis
343 2515 505 2591 incidimus,
522 2527 798 2594 consummarentur,
818 2519 836 2582 i.
852 2539 876 2582 e.
900 2521 981 2584 beati
1002 2522 1104 2584 fierent
1126 2521 1282 2584 secuudum
1304 2516 1429 2580 animas

256 2623 321 2696 Alii
335 2641 403 2688 vero
416 2622 599 2704 probabilius
613 2624 722 2700 dicunt,
736 2625 811 2695 illud
825 2628 948 2690 verbum
962 2629 1137 2700 sumendum·
1155 2647 1218 2689 esse
1239 2627 1275 2688 de
1291 2623 1431 2687 beatitu-

220 2765 226 2784 ·
257 2731 331 2804 dine
345 2731 497 2814 eorporis,
512 2749 601 2810 quam
617 2729 721 2796 Patres
735 2751 793 2794 nou
808 2732 1004 2814 adipiscentur
1018 2743 1087 2798 ante
1102 2754 1163 2808 nos,
1188 2733 1207 2796 i.
1221 2752 1246 2796 e.
1262 2739 1333 2792 ante
1348 2747 1431 2792 oom-

258 2855 377 2905 mnnem
399 2843 530 2899 nostram
550 2837 784 2900 resurrectionem
799 2837 830 2900 in
853 2839 900 2902 dia
922 2839 1020 2906 iudicii
1043 2839 1229 2914 universalis3
1254 2838 1328 2899 baec
1352 2834 1430 2896 enim

256 2941 370 3024 proprie
391 2951 437 3004 est
451 2942 676 3020 consummati03
697 2941 756 3007 ie.
776 2955 979 3011 consummata
998 2945 1149 3011 beatitudo
1171 2943 1298 3008 bominis
1313 2953 1377 3004 tam
1398 2941 1430 3002 in

256 3064 382 3128 torpore,
400 3067 490 3130 quem
504 3047 534 3110 in
549 3048 650 3112 anima
665 3049 728 3133 (cfr.
742 3053 960 3134 Αιιραιιίπαιπ
975 3052 1005 3114 in
1021 3073 1066 3136 ep.
1076 3054 1128 3120 99.
1144 3053 1183 3114 ad
1196 3051 1289 3116 Evod.
1305 3057 1433 3112 attract.

258 3154 313 3237 49,
327 3153 357 3216 in
366 3151 495 3238 Joanu).
525 3153 559 3222 Si
568 3155 645 3221 enim
654 3155 723 3231 iusti
739 3166 769 3218 et
783 3157 824 3240 pii
839 3157 879 3220 V.
889 3159 922 3223 F.
932 3167 1001 3222 ante
1011 3158 1161 3224 Christum
1170 3167 1271 3220 natum
1282 3176 1321 3218 ex
1334 3161 1429 3216 morte
1551 3165 1552 3204 t

258 3259 287 3320 in
302 3259 395 3320 vitam
410 3260 573 3322 resuscitati
588 3261 619 3323 in
633 3263 786 3325 coelestem
802 3263 970 3327 felicitatem
985 3265 1138 3329 introducti
1153 3264 1283 3338 fuissent,
1299 3281 1361 3334 n⁰⁸s
1375 3269 1429 3322 ut-

254 3373 323 3445 pote
337 3366 466 3426 nondum
481 3365 552 3440 nati,
567 3365 767 3431 illafelicitate
778 3368 933 3432 fuissemus
948 3371 1065 3435 meinai.
1098 3371 1157 3434 Sed
1166 3390 1231 3434 curn
1246 3371 1328 3432 Deus
1342 3366 1428 3428 illam

255 3470 468 3532 beatitudinem
491 3470 521 3532 in
547 3473 620 3535 baec
642 3475 802 3553 posteriora
824 3485 958 3560 tempora
981 3477 1104 3551 distulit,
1128 3488 1158 3540 et
1180 3495 1233 3560 per
1256 3484 1286 3538 et
1309 3481 1429 3556 propter

254 3574 404 3640 (ibristum
418 3577 547 3640 dandam
560 3577 718 3655 constituit,
733 3581 838 3646 meiius
851 3583 963 3665 aliquid
977 3583 1061 3648 nobis
1075 3584 1232 3666 prospexit.
1250 3617 1292 3629 -
1308 3579 1428 3643 Estius

255 3682 430 3745 sententiam
453 3682 484 3745 in
505 3704 533 3746 v.
555 3703 649 3767 praec
674 3695 704 3748 et
724 3689 811 3752 hocce
832 3707 999 3770 expressam
1027 3691 1136 3754 iudicat
1157 3691 1268 3753 dicens:
1299 3687 1359 3765 ,Si
1377 3683 1429 3747 ilii

253 3809 365 3862 οιιιπαα,
382 3792 524 3872 quamv&
538 3791 644 3875 adepti
663 3795 726 3857 siret
747 3813 785 3856 ac
795 3799 960 3878 protnen’ti
981 3799 1187 3860 testimonium
1208 3797 1347 3860 iustitiae
1366 3811 1427 3875 per
1550 3853 1551 3872 γ

245 3894 353 3976 fidon,
366 3903 438 3977 post
451 3904 574 3960 taetrum
589 3901 736 3981 tempor-is
751 3902 891 3966 ποπάαοι
906 3923 1047 3986 accepere
1057 3907 1234 3987 ρνονιιζιοαε
1259 3904 1343 3966 votis
1357 3917 1426 3962 mo-
1550 3939 1551 3964 t

253 3998 362 4064 Ιαειιοπι
377 4021 439 4063 csse
452 4021 515 4066 aon
530 4003 619 4079 debet,
635 4006 834 4070 sinodicam
850 4009 952 4073 adbuc
966 4014 1147 4094 amspertetsir.
1165 4059 1171 4073 .
1189 4061 1196 4074 .
1213 4061 1220 4074 .
1243 4011 1352 4092 Lenpe
1360 4010 1425 4092 sa-

250 4105 340 4169 ct'iiua
354 4115 399 4168 est
410 4110 493 4170 vobis
508 4111 618 4173 tuom
635 4114 830 4194 patientiam,
856 4136 952 4198 qaam
975 4119 1065 4182 iustis
1087 4121 1231 4200 ονιιίριιοζο.
1263 4115 1354 4179 Nom
1373 4113 1426 4179 tlte·

251 4211 349 4274 mado
363 4212 481 4275 &satius
494 4219 1052 4304 casparoomaadtaeampecrma,
1062 4225 1139 4288 dum
1153 4225 1283 4287 οοεαόοἰι
1297 4225 1425 4306 paea&

250 4333 314 4376 ποτε
328 4325 433 4379 aarum
446 4327 554 4381 eontra
567 4318 617 4384 itti
628 4331 720 4386 auor
733 4327 815 4392 votis
830 4329 1034 4410 cooperiendi,
1049 4329 1104 4395 sed
1118 4327 1214 4392 simui
1227 4339 1321 4415 arque
1335 4343 1415 4398 ιονι-
1549 4407 1550 4410 ¹
