3096 4886
523 365 648 428 ιιροιιιιο
668 363 738 414 xm.
760 361 871 413 rs-ao.
1214 368 1277 432 227

113 561 218 602 munus
227 541 378 622 impleant,
394 551 423 602 et
433 561 489 604 nou
499 561 564 604 cum
580 543 676 605 taedio
691 541 865 604 sustineant:
882 545 958 623 quod
974 563 1043 604 saue
1053 542 1137 606 vobis
1153 563 1210 606 uon
1225 561 1279 605 ex-

112 647 200 728 pedit,
216 647 286 728 quia
301 647 425 728 gemitus
441 647 558 710 illorum
574 647 647 709 iram
664 647 718 710 Dei
734 648 762 709 in
778 667 831 710 vos
847 657 992 728 provocat.
1012 659 1014 664 '

612 850 723 905 sectio
746 852 777 904 4„

112 985 254 1048 Auctor
269 985 449 1047 lectorum
464 985 643 1065 precibus
658 984 887 1058 vultiuvari,
910 993 946 1046 et
967 984 1131 1067 ipsemet
1146 1004 1280 1068 preces

536 1109 601 1173 pro
621 1089 707 1153 illis
722 1091 853 1152 fundit

484 1230 557 1313 Cap.
581 1232 670 1296 XIII.
692 1252 741 1296 vv.
768 1234 907 1300 18-21,

200 1395 228 1435 v.
248 1376 296 1444 18.
312 1371 530 1460 Προςιθχισθι
551 1377 618 1458 περὶ
632 1375 726 1463 ἡμῶν·
749 1373 924 1461 πιιθόριθα
938 1378 1006 1460 γὰρ,
1029 1373 1073 1439 δτι
1095 1379 1196 1464 καλὴν
1210 1397 1280 1440 cov-

110 1483 221 1568 είδησιν
237 1481 358 1567 ἔχομεν,
374 1479 405 1544 ἐν
420 1491 494 1544 πᾶσι
509 1482 615 1553 καλῶς
630 1483 777 1554 θέλοντες
793 1481 1043 1567 ἀναστρέφεσθαι.
1059 1517 1104 1528 -
1119 1481 1281 1562 Apostolus

112 1606 192 1650 more
207 1607 259 1649 suo
274 1589 328 1649 sub
343 1588 429 1648 finem
446 1585 587 1667 epistolae
609 1589 793 1649 commendat
814 1607 844 1649 se
866 1585 999 1667 precibus
1020 1603 1127 1660 eorum,
1149 1589 1187 1649 sd
1208 1569 1282 1669 quos

110 1693 216 1757 scribit.
233 1692 304 1779 (ou.
319 1695 343 1755 Ι.
359 1694 459 1756 Thess.
476 1693 515 1754 V.
532 1693 654 1768 25.;11.
671 1694 774 1758 Thess.
790 1694 844 1754 ΠΙ.
863 1694 906 1771 1.;
921 1693 1007 1756 Βοιιι.
1025 1693 1097 1754 XV.
1114 1695 1165 1759 30.
1174 1711 1183 1768 ;
1200 1693 1276 1775 Eph.

110 1803 167 1865 VI.
186 1802 251 1875 19.;
267 1799 329 1864 Col.
345 1799 399 1863 IV.
416 1802 469 1876 3.).
485 1833 529 1846 ·—
539 1799 662 1861 Verbis:
678 1802 852 1886 πειθόμεθα
867 1803 934 1884 γὰρ,
951 1797 995 1864 δτι
1005 1821 1033 1863 κ.
1044 1823 1069 1864 τ.
1085 1802 1113 1862 λ.
1130 1797 1280 1880 apostolus

112 1909 254 1970 rationem
269 1906 371 1978 reddit
386 1907 424 1969 ob
439 1925 528 1986 quam
543 1915 695 1979 mereatur,
718 1915 751 1967 ut
765 1924 817 1987 pro
832 1905 896 1987 ipso
924 1914 1014 1968 orent.
1045 1905 1190 1986 Perquam
1211 1923 1280 1987 pro-

111 2014 214 2076 babile
229 2021 281 2087 est,
297 2034 319 2080 s.
335 2013 463 2075 Paulum
487 2014 595 2074 bonam
610 2032 694 2075 suam
709 2012 914 2075 conscientiam
936 2021 1210 2075 commemorantem
1231 2012 1280 2074 iu-

113 2120 216 2203 primis
231 2119 390 2200 respexisse
405 2118 585 2193 christianos
601 2119 651 2200 qui
666 2118 739 2180 ritus
753 2119 881 2182 iudaicos
896 2138 961 2182 uum
974 2117 1110 2200 reiigione
1124 2118 1283 2181 christiana

113 2226 493 2307 coniungendosputcssent,
509 2244 639 2306 eumque
655 2245 720 2288 cum
730 2226 857 2288 decuerit
870 2226 963 2307 legem
973 2224 1135 2290 Mosaicam
1149 2245 1211 2288 esse
1226 2227 1282 2287 ab·

111 2342 290 2415 rogatamet
306 2332 420 2414 penitus
435 2331 628 2413 antiquatam,
643 2331 814 2394 calumniati
829 2341 932 2394 esseut.

199 2477 228 2521 v.
247 2459 296 2524 19.
320 2453 550 2544 Περισσοτέρως
572 2457 605 2520 δὲ
627 2457 807 2542 παρακαλῶ,
830 2465 917 2522 τοῦτο
943 2469 1074 2544 ποιῆσαι,
1100 2455 1150 2522 ἵνα
1174 2459 1280 2543 τάχιον

108 2566 357 2632 ἀποκατασταθῶ
373 2559 448 2649 δρῐν.
465 2597 508 2610 -·-
523 2562 635 2625 Auctor
649 2562 740 2624 aliam
756 2561 839 2624 addit
853 2581 980 2636 causam,
995 2581 1046 2625 cur
1060 2569 1153 2644 petat,
1178 2571 1212 2624 ιιι
1226 2581 1279 2643 ριο

108 2676 173 2754 ipso
194 2680 283 2734 orent.
306 2707 348 2717 -
375 2667 604 2756 Περισσοτὲρῶς
629 2669 760 2732 nonnulli
787 2669 963 2750 coniungunt
985 2689 1051 2731 cum
1066 2655 1169 2731 'verbis
1191 2679 1278 2735 τοῦτο

113 2793 244 2870 ποιῆσαι,
261 2785 418 2839 vertentes:
442 2795 496 2839 vos
520 2777 665 2850 exhortor,
695 2785 729 2838 ut
748 2795 781 2838 eo
806 2773 962 2838 studiosius
983 2777 1038 2838 hoc
1060 2773 1184 2840 faciatis.
1221 2774 1279 2838 ssd

109 2889 171 2969 ipse
185 2885 340 2947 verbomm
355 2885 424 2946 ordo
440 2883 540 2946 docere
555 2883 678 2956 videtur,
698 2889 916 2970 περισσοτέρως
932 2882 1107 2966 iungendum
1127 2901 1188 2945 esse
1215 2895 1295 2946 cum'

109 2995 199 3056 verbo
214 2993 392 3078 παρακαλῶ.
409 3027 451 3036 -
468 2989 667 3072 Οοιιιριιιιιιὶνὶ
698 2991 807 3052 forma:
823 2989 936 3077 ’τάχιον
959 2987 1071 3052 serioris
1093 2987 1207 3063 aetatis,
1219 2989 1279 3052 'iu-

110 3101 212 3182 primis
227 3099 265 3161 N.
281 3099 315 3160 T.
331 3079 517 3179 scriptoribus
532 3097 642 3158 usitata
657 3097 721 3170 fuit,
736 3114 802 3159 cum
817 3095 942 3158 melioris
957 3103 1043 3158 uotae
1065 3097 1217 3177 scriptores
1232 3097 1277 3158 usi

109 3206 169 3269 sint
190 3223 260 3268 voce
282 3217 411 3280 τᾱασον;
434 3203 528 3266 Attici
551 3211 664 3268 τᾶττον.
688 3238 730 3250 -
755 3203 802 3264 Ex
823 3201 935 3265 verbis:
958 3201 1007 3267 ἵνα
1030 3200 1279 3268 ἆπδκατασταθῶ

109 3311 178 3400 ὑμῖν
192 3311 347 3384 coniicitur,
363 3319 508 3373 auctorem
524 3309 705 3390 epistolae
678 3327 709 3371 m
723 3309 847 3372 vinculis
863 3309 1039 3384 detentum,
1047 3311 1096 3372 sed
1122 3305 1175 3424 (ob
1190 3311 1279 3372 abso·
1286 3323 1289 3330 ’

109 3421 156 3482 lut
143 3427 206 3481 tum
221 3418 357 3500 loquendi
377 3419 496 3480 modum
517 3435 545 3477 v.
562 3417 613 3483 23
630 3415 742 3506 ὄψοραι
767 3413 861 3504 δρᾱς)
887 3417 922 3480 de
946 3414 1117 3480 liberatione
1143 3415 1197 3479 su'e
1219 3417 1279 3478 iam

109 3535 221 3590 certum
235 3524 331 3590 fuisse.
966 3547 968 3554 ·

201 3651 229 3697 ν.
245 3633 297 3697 20
314 3627 399 3695 Οδὲ
416 3626 493 3703 Θεὸς
517 3655 571 3718 της
595 3628 722 3718 ιίρήνης,
738 3621 929 3713 δάναραγῶν
953 3626 1029 3695 ἐκ
1011 3642 1121 3714 νεκρῶν
1143 3633 1193 3694 τδν
1209 3649 1277 3694 ποι·

112 3746 188 3825 μένα
203 3747 260 3804 τῶν
276 3737 435 3822 προβάτων
451 3739 500 3802 ιδν
518 3743 640 3822 μέγαν
628 3735 658 3800 ἐν
674 3733 778 3821 αἵματι
793 3731 994 3862 διαθήκηςί
963 3759 984 3800 α
995 3737 1093 3811 ortuo,
1109 3739 1159 3862 τὸν
1175 3739 1278 3844 κιριον

110 3845 194 3934 ἡμῶν
210 3841 329 3931 Ιησοῦν
345 3841 512 3954 [Χριστόν],

172 3971 227 4014 ·.ν
243 3951 295 4017 21
311 3946 488 4035 καταρτίσαι
503 3945 583 4035 δρᾶς
598 3947 767 4014 ἐένπαντι
768 3971 829 4033 ργιρ
845 3943 1008 4033 ἀγαθῷ,
987 3971 1029 4021 εις
1051 3971 1084 4013 το
1106 3939 1229 4035 ποιῆσαι
1245 3951 1278 4012 τὸ

111 4041 356 4145 stippatores,
381 4065 471 4121 ποιῶν
486 4051 546 4120 ἐν
535 4065 601 4142 opto
617 4043 650 4120 τδ
666 4052 824 4182 εὐάρεστον
841 4049 964 4119 ἐνώπιον
987 4049 1086 4126 αὐτοῦ,
1109 4053 1159 4118 διὰ
1165 4047 1287 4150 ’ῙηάοῖιΙ

111 4153 251 4250 Χριστοι),
260 4159 423 4251 ᾧὴδδξαεί
425 4159 636 4235 c'rbbcctiurrorc
643 4173 699 4226 τῶν
709 4166 830 4226 αιῶνῶν
840 4157 1035 4272 Ἀρήν-Ιιι
1042 4152 1279 4242 praecedentibus

112 4269 225 4352 rogabit
234 4260 384 4351 apostolus
392 4256 512 4331 lectores
513 4265 692 4366 ‚u'tproipso
708 4263 837 4342 orarium
844 4263 1066 4330 nuucvicissim
1077 4259 1165 4349 ipse'
1149 4280 1197 4328 ers
1191 4256 1288 4328 bene'

109 4373 240 4460 precatur
247 4385 277 4438 et
283 4391 335 4458 pro
343 4371 379 4438 iis
388 4372 680 4442 οιιιιΞ-Ριιιιιῐέεδ
664 4369 787 4449 Θδιδς
779 4345 854 4464 rupee
854 4367 963 4464 iiiii<
969 4361 1113 4438 denotare
1119 4363 1216 4456 potest
1224 4374 1277 4436 aut

1066 4476 1119 4528 15·
