<?xml version="1.0" encoding="UTF-8"?>
<!DOCTYPE html PUBLIC "-//W3C//DTD XHTML 1.0 Transitional//EN"
    "http://www.w3.org/TR/xhtml1/DTD/xhtml1-transitional.dtd">
<html xmlns="http://www.w3.org/1999/xhtml" xml:lang="en" lang="en">
 <head>
  <title>
</title>
<meta http-equiv="Content-Type" content="text/html;charset=utf-8" />
  <meta name='ocr-system' content='tesseract 3.04.00' />
  <meta name='ocr-capabilities' content='ocr_page ocr_carea ocr_par ocr_line ocrx_word'/>
</head>
<body>
  <div class='ocr_page' id='page_1' title='image "./commentariusine00pngoog_0236.png"; bbox 0 0 3096 4886; ppageno 0'>
   <div class='ocr_carea' id='block_1_1' title="bbox 556 319 1298 394">
    <p class='ocr_par' dir='ltr' id='par_1_1' title="bbox 556 319 1298 394">
     <span class='ocr_line' id='line_1_1' title="bbox 556 319 1298 394; baseline 0 0"><span class='ocrx_word' id='word_1_1' title='bbox 556 325 682 394; x_wconf 68' lang='lat' dir='ltr'><strong>expectes</strong></span> <span class='ocrx_word' id='word_1_2' title='bbox 706 322 779 383; x_wconf 82' lang='lat' dir='ltr'><strong>xm.</strong></span> <span class='ocrx_word' id='word_1_3' title='bbox 797 321 824 379; x_wconf 80' lang='lat'><strong>⁸·</strong></span> <span class='ocrx_word' id='word_1_4' title='bbox 842 319 869 378; x_wconf 81' lang='grc'><strong>9·</strong></span> <span class='ocrx_word' id='word_1_5' title='bbox 1234 321 1298 394; x_wconf 76' lang='lat'><strong>221</strong></span> 
     </span>
    </p>
   </div>
   <div class='ocr_carea' id='block_1_2' title="bbox 127 498 1300 1880">
    <p class='ocr_par' dir='ltr' id='par_1_2' title="bbox 127 498 1300 1880">
     <span class='ocr_line' id='line_1_2' title="bbox 133 498 1300 588; baseline 0.001 -19"><span class='ocrx_word' id='word_1_6' title='bbox 133 500 201 572; x_wconf 79' lang='lat' dir='ltr'><strong>rint</strong></span> <span class='ocrx_word' id='word_1_7' title='bbox 232 498 342 569; x_wconf 81' lang='lat' dir='ltr'><strong>(lurum</strong></span> <span class='ocrx_word' id='word_1_8' title='bbox 356 505 464 568; x_wconf 87' lang='lat' dir='ltr'><strong>habete</strong></span> <span class='ocrx_word' id='word_1_9' title='bbox 478 523 586 580; x_wconf 84' lang='lat' dir='ltr'><strong>eorum,</strong></span> <span class='ocrx_word' id='word_1_10' title='bbox 601 505 652 587; x_wconf 89' lang='lat' dir='ltr'><strong>qui</strong></span> <span class='ocrx_word' id='word_1_11' title='bbox 666 505 779 568; x_wconf 88' lang='lat' dir='ltr'><strong>suntin</strong></span> <span class='ocrx_word' id='word_1_12' title='bbox 793 505 925 580; x_wconf 82' lang='lat' dir='ltr'><strong>vinculis,</strong></span> <span class='ocrx_word' id='word_1_13' title='bbox 940 514 1083 588; x_wconf 84' lang='lat' dir='ltr'><strong>tanquam</strong></span> <span class='ocrx_word' id='word_1_14' title='bbox 1105 515 1136 567; x_wconf 89' lang='lat' dir='ltr'><strong>et</strong></span> <span class='ocrx_word' id='word_1_15' title='bbox 1155 505 1212 588; x_wconf 90' lang='lat' dir='ltr'><strong>ipsi</strong></span> <span class='ocrx_word' id='word_1_16' title='bbox 1234 527 1300 570; x_wconf 90' lang='lat' dir='ltr'><strong>curn</strong></span> 
     </span>
     <span class='ocr_line' id='line_1_3' title="bbox 133 611 1300 696; baseline 0.001 -20"><span class='ocrx_word' id='word_1_17' title='bbox 133 612 170 676; x_wconf 94' lang='lat' dir='ltr'><strong>iis</strong></span> <span class='ocrx_word' id='word_1_18' title='bbox 183 612 275 676; x_wconf 86' lang='lat' dir='ltr'><strong>vincti</strong></span> <span class='ocrx_word' id='word_1_19' title='bbox 290 611 400 687; x_wconf 82' lang='lat' dir='ltr'><strong>essetis,</strong></span> <span class='ocrx_word' id='word_1_20' title='bbox 415 631 578 694; x_wconf 84' lang='lat' dir='ltr'><strong>eommque,</strong></span> <span class='ocrx_word' id='word_1_21' title='bbox 593 612 642 693; x_wconf 91' lang='lat' dir='ltr'><strong>qui</strong></span> <span class='ocrx_word' id='word_1_22' title='bbox 657 612 842 674; x_wconf 86' lang='lat' dir='ltr'><strong>calamitates</strong></span> <span class='ocrx_word' id='word_1_23' title='bbox 856 613 1010 694; x_wconf 81' lang='lat' dir='ltr'><strong>perferunt,</strong></span> <span class='ocrx_word' id='word_1_24' title='bbox 1034 621 1176 694; x_wconf 88' lang='lat' dir='ltr'><strong>tanquam</strong></span> <span class='ocrx_word' id='word_1_25' title='bbox 1200 622 1231 675; x_wconf 95' lang='lat' dir='ltr'><strong>et</strong></span> <span class='ocrx_word' id='word_1_26' title='bbox 1244 613 1300 696; x_wconf 87' lang='lat' dir='ltr'><strong>ipsi</strong></span> 
     </span>
     <span class='ocr_line' id='line_1_4' title="bbox 130 717 1299 798; baseline 0 -16"><span class='ocrx_word' id='word_1_27' title='bbox 130 719 234 782; x_wconf 88' lang='lat' dir='ltr'><strong>iisdem</strong></span> <span class='ocrx_word' id='word_1_28' title='bbox 252 717 472 782; x_wconf 66' lang='lat' dir='ltr'>calamitatibus</span> <span class='ocrx_word' id='word_1_29' title='bbox 485 717 612 781; x_wconf 87' lang='lat' dir='ltr'><strong>obnoxii.</strong></span> <span class='ocrx_word' id='word_1_30' title='bbox 642 719 744 782; x_wconf 86' lang='lat' dir='ltr'><strong>Honor</strong></span> <span class='ocrx_word' id='word_1_31' title='bbox 757 717 880 798; x_wconf 87' lang='lat' dir='ltr'><strong>coniugii</strong></span> <span class='ocrx_word' id='word_1_32' title='bbox 894 718 924 780; x_wconf 92' lang='lat' dir='ltr'><strong>in</strong></span> <span class='ocrx_word' id='word_1_33' title='bbox 933 718 1068 782; x_wconf 87' lang='lat' dir='ltr'><strong>omnibns</strong></span> <span class='ocrx_word' id='word_1_34' title='bbox 1082 720 1169 782; x_wconf 90' lang='lat' dir='ltr'><strong>rebus</strong></span> <span class='ocrx_word' id='word_1_35' title='bbox 1183 728 1229 782; x_wconf 86' lang='lat' dir='ltr'><strong>eet</strong></span> <span class='ocrx_word' id='word_1_36' title='bbox 1237 738 1299 782; x_wconf 90' lang='lat' dir='ltr'><strong>ser-</strong></span> 
     </span>
     <span class='ocr_line' id='line_1_5' title="bbox 131 823 1300 901; baseline 0.001 -13"><span class='ocrx_word' id='word_1_37' title='bbox 131 825 246 888; x_wconf 85' lang='lat' dir='ltr'><strong>vandus</strong></span> <span class='ocrx_word' id='word_1_38' title='bbox 260 844 314 888; x_wconf 89' lang='lat' dir='ltr'><strong>nec</strong></span> <span class='ocrx_word' id='word_1_39' title='bbox 327 823 544 888; x_wconf 77' lang='lat' dir='ltr'><strong>matrimonium</strong></span> <span class='ocrx_word' id='word_1_40' title='bbox 559 824 709 888; x_wconf 75' lang='lat' dir='ltr'><strong>adulteriis</strong></span> <span class='ocrx_word' id='word_1_41' title='bbox 723 824 901 901; x_wconf 88' lang='lat' dir='ltr'><strong>maculetnr;</strong></span> <span class='ocrx_word' id='word_1_42' title='bbox 915 825 997 887; x_wconf 89' lang='lat' dir='ltr'><strong>Dens</strong></span> <span class='ocrx_word' id='word_1_43' title='bbox 1017 824 1094 887; x_wconf 89' lang='lat' dir='ltr'><strong>enim</strong></span> <span class='ocrx_word' id='word_1_44' title='bbox 1116 825 1300 890; x_wconf 88' lang='lat' dir='ltr'><strong>fornicatores</strong></span> 
     </span>
     <span class='ocr_line' id='line_1_6' title="bbox 131 930 1300 1012; baseline 0 -18"><span class='ocrx_word' id='word_1_45' title='bbox 131 941 162 994; x_wconf 92' lang='lat' dir='ltr'><strong>et</strong></span> <span class='ocrx_word' id='word_1_46' title='bbox 176 932 325 994; x_wconf 85' lang='lat' dir='ltr'><strong>adulteros</strong></span> <span class='ocrx_word' id='word_1_47' title='bbox 338 949 436 992; x_wconf 84' lang='lat' dir='ltr'><strong>severe</strong></span> <span class='ocrx_word' id='word_1_48' title='bbox 452 931 563 1012; x_wconf 82' lang='lat' dir='ltr'><strong>puniet</strong></span> <span class='ocrx_word' id='word_1_49' title='bbox 594 932 691 994; x_wconf 87' lang='lat' dir='ltr'><strong>Mores</strong></span> <span class='ocrx_word' id='word_1_50' title='bbox 711 931 800 992; x_wconf 86' lang='lat' dir='ltr'><strong>vestri</strong></span> <span class='ocrx_word' id='word_1_51' title='bbox 819 932 859 992; x_wconf 89' lang='lat' dir='ltr'><strong>ab</strong></span> <span class='ocrx_word' id='word_1_52' title='bbox 880 930 1007 993; x_wconf 84' lang='lat' dir='ltr'><strong>avaritia</strong></span> <span class='ocrx_word' id='word_1_53' title='bbox 1027 931 1087 992; x_wconf 90' lang='lat' dir='ltr'><strong>siut</strong></span> <span class='ocrx_word' id='word_1_54' title='bbox 1104 931 1201 1006; x_wconf 75' lang='lat' dir='ltr'><strong>alieni,</strong></span> <span class='ocrx_word' id='word_1_55' title='bbox 1222 942 1300 996; x_wconf 87' lang='lat' dir='ltr'><strong>sorte</strong></span> 
     </span>
     <span class='ocr_line' id='line_1_7' title="bbox 130 1036 1299 1112; baseline 0.002 -12"><span class='ocrx_word' id='word_1_56' title='bbox 130 1047 238 1112; x_wconf 85' lang='lat' dir='ltr'><strong>vestra,</strong></span> <span class='ocrx_word' id='word_1_57' title='bbox 253 1036 445 1101; x_wconf 86' lang='lat' dir='ltr'><strong>facultatibus</strong></span> <span class='ocrx_word' id='word_1_58' title='bbox 458 1036 564 1098; x_wconf 84' lang='lat' dir='ltr'><strong>vestris</strong></span> <span class='ocrx_word' id='word_1_59' title='bbox 578 1036 706 1100; x_wconf 87' lang='lat' dir='ltr'><strong>contenti</strong></span> <span class='ocrx_word' id='word_1_60' title='bbox 731 1045 823 1099; x_wconf 86' lang='lat' dir='ltr'><strong>estote</strong></span> <span class='ocrx_word' id='word_1_61' title='bbox 837 1038 918 1098; x_wconf 89' lang='lat' dir='ltr'><strong>etde</strong></span> <span class='ocrx_word' id='word_1_62' title='bbox 932 1037 1028 1100; x_wconf 87' lang='lat' dir='ltr'><strong>futuro</strong></span> <span class='ocrx_word' id='word_1_63' title='bbox 1042 1037 1176 1100; x_wconf 85' lang='lat' dir='ltr'><strong>confidite</strong></span> <span class='ocrx_word' id='word_1_64' title='bbox 1189 1036 1221 1100; x_wconf 95' lang='lat' dir='ltr'><strong>in</strong></span> <span class='ocrx_word' id='word_1_65' title='bbox 1235 1039 1299 1102; x_wconf 91' lang='lat' dir='ltr'><strong>Do-</strong></span> 
     </span>
     <span class='ocr_line' id='line_1_8' title="bbox 129 1142 1299 1226; baseline 0 -18"><span class='ocrx_word' id='word_1_66' title='bbox 129 1143 225 1222; x_wconf 85' lang='lat' dir='ltr'><strong>nuino;</strong></span> <span class='ocrx_word' id='word_1_67' title='bbox 241 1143 305 1226; x_wconf 88' lang='lat' dir='ltr'><strong>ipse</strong></span> <span class='ocrx_word' id='word_1_68' title='bbox 319 1144 400 1206; x_wconf 89' lang='lat' dir='ltr'><strong>Deus</strong></span> <span class='ocrx_word' id='word_1_69' title='bbox 415 1142 493 1205; x_wconf 91' lang='lat' dir='ltr'><strong>enim</strong></span> <span class='ocrx_word' id='word_1_70' title='bbox 508 1142 592 1206; x_wconf 87' lang='lat' dir='ltr'><strong>dicit:</strong></span> <span class='ocrx_word' id='word_1_71' title='bbox 609 1163 667 1206; x_wconf 95' lang='lat' dir='ltr'><strong>non</strong></span> <span class='ocrx_word' id='word_1_72' title='bbox 681 1143 827 1225; x_wconf 75' lang='lat' dir='ltr'><strong>negligam</strong></span> <span class='ocrx_word' id='word_1_73' title='bbox 841 1151 880 1218; x_wconf 85' lang='lat' dir='ltr'><strong>te,</strong></span> <span class='ocrx_word' id='word_1_74' title='bbox 894 1162 987 1224; x_wconf 87' lang='lat' dir='ltr'><strong>neque</strong></span> <span class='ocrx_word' id='word_1_75' title='bbox 1001 1143 1204 1206; x_wconf 77' lang='lat' dir='ltr'><strong>tedestituanu</strong></span> <span class='ocrx_word' id='word_1_76' title='bbox 1234 1145 1299 1208; x_wconf 91' lang='lat' dir='ltr'><strong>Hoc</strong></span> 
     </span>
     <span class='ocr_line' id='line_1_9' title="bbox 132 1248 1298 1332; baseline -0.001 -19"><span class='ocrx_word' id='word_1_77' title='bbox 132 1251 234 1332; x_wconf 86' lang='lat' dir='ltr'><strong>itaque</strong></span> <span class='ocrx_word' id='word_1_78' title='bbox 248 1249 305 1312; x_wconf 86' lang='lat' dir='ltr'><strong>Dei</strong></span> <span class='ocrx_word' id='word_1_79' title='bbox 319 1248 460 1330; x_wconf 89' lang='lat' dir='ltr'><strong>promisso</strong></span> <span class='ocrx_word' id='word_1_80' title='bbox 476 1250 542 1311; x_wconf 87' lang='lat' dir='ltr'><strong>freti</strong></span> <span class='ocrx_word' id='word_1_81' title='bbox 557 1249 731 1312; x_wconf 78' lang='lat' dir='ltr'><strong>confidenter</strong></span> <span class='ocrx_word' id='word_1_82' title='bbox 752 1249 896 1312; x_wconf 82' lang='lat' dir='ltr'><strong>dinamus:</strong></span> <span class='ocrx_word' id='word_1_83' title='bbox 917 1249 1060 1312; x_wconf 89' lang='lat' dir='ltr'><strong>Dominus</strong></span> <span class='ocrx_word' id='word_1_84' title='bbox 1082 1249 1155 1312; x_wconf 87' lang='lat' dir='ltr'><strong>nrihi</strong></span> <span class='ocrx_word' id='word_1_85' title='bbox 1176 1249 1298 1324; x_wconf 89' lang='lat' dir='ltr'><strong>adiutor,</strong></span> 
     </span>
     <span class='ocr_line' id='line_1_10' title="bbox 129 1355 1297 1440; baseline -0.001 -21"><span class='ocrx_word' id='word_1_86' title='bbox 129 1357 230 1440; x_wconf 86' lang='lat' dir='ltr'><strong>itaque</strong></span> <span class='ocrx_word' id='word_1_87' title='bbox 244 1356 319 1420; x_wconf 91' lang='lat' dir='ltr'><strong>nihil</strong></span> <span class='ocrx_word' id='word_1_88' title='bbox 334 1357 437 1420; x_wconf 82' lang='lat' dir='ltr'><strong>tImeo:</strong></span> <span class='ocrx_word' id='word_1_89' title='bbox 453 1358 583 1418; x_wconf 87' lang='lat' dir='ltr'><strong>hnmana</strong></span> <span class='ocrx_word' id='word_1_90' title='bbox 597 1355 783 1419; x_wconf 75' lang='lat' dir='ltr'><strong>imbecillitas</strong></span> <span class='ocrx_word' id='word_1_91' title='bbox 796 1356 869 1420; x_wconf 92' lang='lat' dir='ltr'><strong>mihi</strong></span> <span class='ocrx_word' id='word_1_92' title='bbox 884 1375 984 1420; x_wconf 82' lang='lat' dir='ltr'><strong>neaera</strong></span> <span class='ocrx_word' id='word_1_93' title='bbox 999 1358 1078 1420; x_wconf 87' lang='lat' dir='ltr'><strong>haud</strong></span> <span class='ocrx_word' id='word_1_94' title='bbox 1087 1356 1200 1440; x_wconf 88' lang='lat' dir='ltr'><strong>poterit.</strong></span> <span class='ocrx_word' id='word_1_95' title='bbox 1230 1358 1297 1418; x_wconf 88' lang='lat' dir='ltr'><strong>Me-</strong></span> 
     </span>
     <span class='ocr_line' id='line_1_11' title="bbox 128 1462 1298 1545; baseline -0.003 -19"><span class='ocrx_word' id='word_1_96' title='bbox 128 1482 224 1527; x_wconf 85' lang='lat' dir='ltr'><strong>mores</strong></span> <span class='ocrx_word' id='word_1_97' title='bbox 238 1472 330 1526; x_wconf 89' lang='lat' dir='ltr'><strong>estote</strong></span> <span class='ocrx_word' id='word_1_98' title='bbox 345 1462 513 1526; x_wconf 79' lang='lat' dir='ltr'><strong>antistitum</strong></span> <span class='ocrx_word' id='word_1_99' title='bbox 526 1471 696 1536; x_wconf 86' lang='lat' dir='ltr'><strong>vestrorum,</strong></span> <span class='ocrx_word' id='word_1_100' title='bbox 718 1462 769 1544; x_wconf 89' lang='lat' dir='ltr'><strong>qui</strong></span> <span class='ocrx_word' id='word_1_101' title='bbox 790 1462 874 1526; x_wconf 88' lang='lat' dir='ltr'><strong>vobis</strong></span> <span class='ocrx_word' id='word_1_102' title='bbox 893 1462 1039 1545; x_wconf 88' lang='lat' dir='ltr'><strong>religionis</strong></span> <span class='ocrx_word' id='word_1_103' title='bbox 1059 1463 1220 1526; x_wconf 84' lang='lat' dir='ltr'><strong>doctrinam</strong></span> <span class='ocrx_word' id='word_1_104' title='bbox 1234 1471 1298 1524; x_wconf 87' lang='lat' dir='ltr'><strong>tra-</strong></span> 
     </span>
     <span class='ocr_line' id='line_1_12' title="bbox 129 1567 1298 1653; baseline -0.003 -19"><span class='ocrx_word' id='word_1_105' title='bbox 129 1569 272 1645; x_wconf 76' lang='lat' dir='ltr'><strong>diderunt,</strong></span> <span class='ocrx_word' id='word_1_106' title='bbox 287 1586 411 1653; x_wconf 87' lang='lat' dir='ltr'><strong>quornm</strong></span> <span class='ocrx_word' id='word_1_107' title='bbox 432 1568 512 1631; x_wconf 83' lang='lat' dir='ltr'><strong>vitae</strong></span> <span class='ocrx_word' id='word_1_108' title='bbox 527 1569 624 1632; x_wconf 87' lang='lat' dir='ltr'><strong>exitus</strong></span> <span class='ocrx_word' id='word_1_109' title='bbox 637 1567 780 1632; x_wconf 86' lang='lat' dir='ltr'><strong>rationem</strong></span> <span class='ocrx_word' id='word_1_110' title='bbox 795 1568 947 1650; x_wconf 85' lang='lat' dir='ltr'><strong>diligenter</strong></span> <span class='ocrx_word' id='word_1_111' title='bbox 967 1570 1175 1650; x_wconf 81' lang='lat' dir='ltr'><strong>perpendentes</strong></span> <span class='ocrx_word' id='word_1_112' title='bbox 1196 1568 1298 1631; x_wconf 91' lang='lat' dir='ltr'><strong>imita-</strong></span> 
     </span>
     <span class='ocr_line' id='line_1_13' title="bbox 127 1675 310 1746; baseline 0.038 -7"><span class='ocrx_word' id='word_1_113' title='bbox 127 1675 201 1740; x_wconf 91' lang='lat' dir='ltr'><strong>mini</strong></span> <span class='ocrx_word' id='word_1_114' title='bbox 215 1676 310 1746; x_wconf 74' lang='lat' dir='ltr'><strong>fidens</strong></span> 
     </span>
     <span class='ocr_line' id='line_1_14' title="bbox 631 1821 796 1880; baseline 0.006 -1"><span class='ocrx_word' id='word_1_115' title='bbox 631 1821 743 1880; x_wconf 77' lang='lat' dir='ltr'><strong>Scotto</strong></span> <span class='ocrx_word' id='word_1_116' title='bbox 766 1823 796 1880; x_wconf 74' lang='lat'><strong>2.</strong></span> 
     </span>
    </p>
   </div>
   <div class='ocr_carea' id='block_1_3' title="bbox 127 1974 1393 2060">
    <p class='ocr_par' dir='ltr' id='par_1_3' title="bbox 127 1974 1393 2060">
     <span class='ocr_line' id='line_1_15' title="bbox 127 1974 1393 2060; baseline 0 -19"><span class='ocrx_word' id='word_1_117' title='bbox 127 1975 314 2041; x_wconf 83' lang='lat' dir='ltr'><strong>Doctrina</strong></span> <span class='ocrx_word' id='word_1_118' title='bbox 337 1974 555 2040; x_wconf 88' lang='lat' dir='ltr'><strong>christiana</strong></span> <span class='ocrx_word' id='word_1_119' title='bbox 578 1983 887 2058; x_wconf 68' lang='lat' dir='ltr'><strong>perueruerat,</strong></span> <span class='ocrx_word' id='word_1_120' title='bbox 918 1984 1057 2040; x_wconf 87' lang='lat' dir='ltr'><strong>etcum</strong></span> <span class='ocrx_word' id='word_1_121' title='bbox 1080 1975 1296 2060; x_wconf 79' lang='lat' dir='ltr'><strong>disciplina</strong></span> <span class='ocrx_word' id='word_1_122' title='bbox 1388 2009 1393 2018; x_wconf 94' lang='lat'>·</span> 
     </span>
    </p>
   </div>
   <div class='ocr_carea' id='block_1_4' title="bbox 429 2081 1001 2148">
    <p class='ocr_par' dir='ltr' id='par_1_4' title="bbox 429 2081 1001 2148">
     <span class='ocr_line' id='line_1_16' title="bbox 429 2081 1001 2148; baseline 0.005 -3"><span class='ocrx_word' id='word_1_123' title='bbox 429 2081 585 2146; x_wconf 84' lang='lat' dir='ltr'><strong>iudaice</strong></span> <span class='ocrx_word' id='word_1_124' title='bbox 609 2101 681 2145; x_wconf 92' lang='lat' dir='ltr'><strong>uon</strong></span> <span class='ocrx_word' id='word_1_125' title='bbox 704 2081 1001 2148; x_wconf 87' lang='lat' dir='ltr'><strong>commisceatur.</strong></span> 
     </span>
    </p>
   </div>
   <div class='ocr_carea' id='block_1_5' title="bbox 521 2239 903 2323">
    <p class='ocr_par' dir='ltr' id='par_1_5' title="bbox 521 2239 903 2323">
     <span class='ocr_line' id='line_1_17' title="bbox 521 2239 903 2323; baseline 0.013 -20"><span class='ocrx_word' id='word_1_126' title='bbox 521 2239 593 2323; x_wconf 78' lang='lat' dir='ltr'><strong>ap.</strong></span> <span class='ocrx_word' id='word_1_127' title='bbox 609 2240 698 2307; x_wconf 85' lang='lat' dir='ltr'><strong>xm</strong></span> <span class='ocrx_word' id='word_1_128' title='bbox 718 2259 768 2304; x_wconf 74' lang='lat' dir='ltr'><strong>vv.</strong></span> <span class='ocrx_word' id='word_1_129' title='bbox 783 2239 903 2308; x_wconf 81' lang='lat' dir='ltr'><strong>s-1e.</strong></span> 
     </span>
    </p>
   </div>
   <div class='ocr_carea' id='block_1_6' title="bbox 126 2397 1296 2803">
    <p class='ocr_par' dir='ltr' id='par_1_6' title="bbox 126 2397 1296 2803">
     <span class='ocr_line' id='line_1_18' title="bbox 214 2397 1295 2491; baseline 0.008 -30"><span class='ocrx_word' id='word_1_130' title='bbox 214 2421 244 2466; x_wconf 84' lang='lat' dir='ltr'><strong>v.</strong></span> <span class='ocrx_word' id='word_1_131' title='bbox 261 2403 290 2468; x_wconf 90' lang='lat'><strong>8.</strong></span> <span class='ocrx_word' id='word_1_132' title='bbox 307 2397 427 2489; x_wconf 79' lang='grc' dir='ltr'>Ἰησοῦς</span> <span class='ocrx_word' id='word_1_133' title='bbox 452 2397 582 2487; x_wconf 82' lang='grc' dir='ltr'>Χριστὸς</span> <span class='ocrx_word' id='word_1_134' title='bbox 603 2401 701 2489; x_wconf 81' lang='grc' dir='ltr'>ἕχδες</span> <span class='ocrx_word' id='word_1_135' title='bbox 721 2405 775 2468; x_wconf 75' lang='lat' dir='ltr'><strong>eorl</strong></span> <span class='ocrx_word' id='word_1_136' title='bbox 796 2407 929 2491; x_wconf 69' lang='grc' dir='ltr'>σβρερσν</span> <span class='ocrx_word' id='word_1_137' title='bbox 944 2397 961 2467; x_wconf 84' lang='grc' dir='ltr'><strong>ὁ</strong></span> <span class='ocrx_word' id='word_1_138' title='bbox 977 2397 1068 2478; x_wconf 68' lang='lat' dir='ltr'><strong>adro&lt;</strong></span> <span class='ocrx_word' id='word_1_139' title='bbox 1092 2406 1144 2470; x_wconf 83' lang='grc' dir='ltr'>ιιαὶ</span> <span class='ocrx_word' id='word_1_140' title='bbox 1166 2399 1208 2478; x_wconf 76' lang='grc' dir='ltr'><strong>εἰς</strong></span> <span class='ocrx_word' id='word_1_141' title='bbox 1223 2407 1295 2480; x_wconf 84' lang='grc' dir='ltr'>τοὺς</span> 
     </span>
     <span class='ocr_line' id='line_1_19' title="bbox 127 2503 1294 2592; baseline -0.001 -18"><span class='ocrx_word' id='word_1_142' title='bbox 127 2503 252 2583; x_wconf 65' lang='grc' dir='ltr'><strong>αἰῶναςΔ</strong></span> <span class='ocrx_word' id='word_1_143' title='bbox 264 2543 305 2556; x_wconf 91' lang='grc'>-</span> <span class='ocrx_word' id='word_1_144' title='bbox 321 2508 483 2590; x_wconf 85' lang='lat' dir='ltr'><strong>Apostolus</strong></span> <span class='ocrx_word' id='word_1_145' title='bbox 497 2507 589 2570; x_wconf 88' lang='lat' dir='ltr'><strong>aliam</strong></span> <span class='ocrx_word' id='word_1_146' title='bbox 604 2507 755 2570; x_wconf 83' lang='lat' dir='ltr'><strong>additurus</strong></span> <span class='ocrx_word' id='word_1_147' title='bbox 770 2507 1007 2582; x_wconf 83' lang='lat' dir='ltr'><strong>cohortationem,</strong></span> <span class='ocrx_word' id='word_1_148' title='bbox 1022 2529 1127 2591; x_wconf 87' lang='lat' dir='ltr'><strong>nempe</strong></span> <span class='ocrx_word' id='word_1_149' title='bbox 1143 2520 1177 2571; x_wconf 92' lang='lat' dir='ltr'><strong>nt</strong></span> <span class='ocrx_word' id='word_1_150' title='bbox 1191 2529 1294 2592; x_wconf 90' lang='lat' dir='ltr'><strong>puram</strong></span> 
     </span>
     <span class='ocr_line' id='line_1_20' title="bbox 126 2611 1296 2696; baseline 0.003 -20"><span class='ocrx_word' id='word_1_151' title='bbox 126 2623 157 2676; x_wconf 86' lang='lat' dir='ltr'><strong>et</strong></span> <span class='ocrx_word' id='word_1_152' title='bbox 171 2613 368 2696; x_wconf 87' lang='lat' dir='ltr'><strong>incorruptam</strong></span> <span class='ocrx_word' id='word_1_153' title='bbox 382 2623 531 2677; x_wconf 72' lang='lat' dir='ltr'><strong>armarent</strong></span> <span class='ocrx_word' id='word_1_154' title='bbox 545 2611 655 2676; x_wconf 75' lang='lat' dir='ltr'><strong>cumn</strong></span> <span class='ocrx_word' id='word_1_155' title='bbox 669 2612 838 2687; x_wconf 84' lang='lat' dir='ltr'><strong>doctrinam,</strong></span> <span class='ocrx_word' id='word_1_156' title='bbox 853 2633 906 2676; x_wconf 89' lang='lat' dir='ltr'><strong>nec</strong></span> <span class='ocrx_word' id='word_1_157' title='bbox 920 2612 1050 2676; x_wconf 84' lang='lat' dir='ltr'><strong>iudaicae</strong></span> <span class='ocrx_word' id='word_1_158' title='bbox 1064 2614 1208 2696; x_wconf 81' lang='lat' dir='ltr'><strong>religionis</strong></span> <span class='ocrx_word' id='word_1_159' title='bbox 1222 2616 1296 2679; x_wconf 85' lang='lat' dir='ltr'><strong>rit-ns</strong></span> 
     </span>
     <span class='ocr_line' id='line_1_21' title="bbox 127 2719 1296 2803; baseline 0.001 -18"><span class='ocrx_word' id='word_1_160' title='bbox 127 2741 194 2786; x_wconf 88' lang='lat' dir='ltr'><strong>curn</strong></span> <span class='ocrx_word' id='word_1_161' title='bbox 209 2741 245 2784; x_wconf 85' lang='lat' dir='ltr'><strong>ea</strong></span> <span class='ocrx_word' id='word_1_162' title='bbox 259 2719 471 2803; x_wconf 79' lang='lat' dir='ltr'><strong>coniungerent,</strong></span> <span class='ocrx_word' id='word_1_163' title='bbox 492 2719 697 2802; x_wconf 89' lang='lat' dir='ltr'><strong>generaliorem</strong></span> <span class='ocrx_word' id='word_1_164' title='bbox 718 2719 881 2802; x_wconf 86' lang='lat' dir='ltr'><strong>praemittit</strong></span> <span class='ocrx_word' id='word_1_165' title='bbox 899 2720 1075 2782; x_wconf 89' lang='lat' dir='ltr'><strong>sententiam</strong></span> <span class='ocrx_word' id='word_1_166' title='bbox 1097 2721 1186 2785; x_wconf 90' lang='lat' dir='ltr'><strong>hanc:</strong></span> <span class='ocrx_word' id='word_1_167' title='bbox 1208 2722 1296 2786; x_wconf 87' lang='lat' dir='ltr'><strong>Jesus</strong></span> 
     </span>
    </p>
   </div>
   <div class='ocr_carea' id='block_1_7' title="bbox 123 2825 1295 3761">
    <p class='ocr_par' dir='ltr' id='par_1_7' title="bbox 123 2825 1295 3761">
     <span class='ocr_line' id='line_1_22' title="bbox 126 2825 1294 2910; baseline 0.001 -19"><span class='ocrx_word' id='word_1_168' title='bbox 126 2825 260 2892; x_wconf 76' lang='lat' dir='ltr'><strong>Christus</strong></span> <span class='ocrx_word' id='word_1_169' title='bbox 282 2846 396 2910; x_wconf 84' lang='lat' dir='ltr'><strong>semper</strong></span> <span class='ocrx_word' id='word_1_170' title='bbox 420 2837 465 2893; x_wconf 89' lang='lat' dir='ltr'><strong>est</strong></span> <span class='ocrx_word' id='word_1_171' title='bbox 488 2827 565 2890; x_wconf 87' lang='lat' dir='ltr'><strong>idem</strong></span> <span class='ocrx_word' id='word_1_172' title='bbox 588 2825 738 2908; x_wconf 88' lang='lat' dir='ltr'><strong>omnisque</strong></span> <span class='ocrx_word' id='word_1_173' title='bbox 762 2825 933 2892; x_wconf 91' lang='lat' dir='ltr'><strong>mutationis</strong></span> <span class='ocrx_word' id='word_1_174' title='bbox 954 2845 1067 2908; x_wconf 80' lang='lat' dir='ltr'><strong>expers</strong></span> <span class='ocrx_word' id='word_1_175' title='bbox 1098 2827 1197 2892; x_wconf 90' lang='lat' dir='ltr'><strong>Minus</strong></span> <span class='ocrx_word' id='word_1_176' title='bbox 1218 2839 1294 2893; x_wconf 88' lang='lat' dir='ltr'><strong>recte</strong></span> 
     </span>
     <span class='ocr_line' id='line_1_23' title="bbox 125 2931 1295 3014; baseline 0.003 -18"><span class='ocrx_word' id='word_1_177' title='bbox 125 2933 258 2997; x_wconf 90' lang='lat' dir='ltr'><strong>nonnulli</strong></span> <span class='ocrx_word' id='word_1_178' title='bbox 273 2933 361 2997; x_wconf 87' lang='lat' dir='ltr'><strong>huius</strong></span> <span class='ocrx_word' id='word_1_179' title='bbox 375 2951 475 2997; x_wconf 82' lang='lat' dir='ltr'><strong>versus</strong></span> <span class='ocrx_word' id='word_1_180' title='bbox 489 2935 580 2996; x_wconf 85' lang='lat' dir='ltr'><strong>verba</strong></span> <span class='ocrx_word' id='word_1_181' title='bbox 594 2951 661 2996; x_wconf 89' lang='lat' dir='ltr'><strong>cum</strong></span> <span class='ocrx_word' id='word_1_182' title='bbox 674 2931 718 3007; x_wconf 88' lang='lat' dir='ltr'><strong>iis,</strong></span> <span class='ocrx_word' id='word_1_183' title='bbox 734 2952 809 3014; x_wconf 88' lang='lat' dir='ltr'><strong>quae</strong></span> <span class='ocrx_word' id='word_1_184' title='bbox 824 2941 1049 3013; x_wconf 72' lang='lat' dir='ltr'><strong>praecesserunt,</strong></span> <span class='ocrx_word' id='word_1_185' title='bbox 1064 2944 1245 3011; x_wconf 85' lang='lat' dir='ltr'><strong>connectunt,</strong></span> <span class='ocrx_word' id='word_1_186' title='bbox 1260 2946 1295 2998; x_wconf 92' lang='lat' dir='ltr'><strong>ut</strong></span> 
     </span>
     <span class='ocr_line' id='line_1_24' title="bbox 125 3038 1294 3121; baseline 0.002 -18"><span class='ocrx_word' id='word_1_187' title='bbox 125 3039 296 3113; x_wconf 84' lang='lat' dir='ltr'><strong>declaretur,</strong></span> <span class='ocrx_word' id='word_1_188' title='bbox 311 3038 462 3103; x_wconf 83' lang='lat' dir='ltr'><strong>(lluristnm</strong></span> <span class='ocrx_word' id='word_1_189' title='bbox 481 3041 540 3103; x_wconf 85' lang='lat' dir='ltr'><strong>iore</strong></span> <span class='ocrx_word' id='word_1_190' title='bbox 555 3047 727 3120; x_wconf 85' lang='lat' dir='ltr'><strong>perpetuum</strong></span> <span class='ocrx_word' id='word_1_191' title='bbox 750 3039 911 3102; x_wconf 87' lang='lat' dir='ltr'><strong>adiutorem</strong></span> <span class='ocrx_word' id='word_1_192' title='bbox 933 3057 1040 3113; x_wconf 85' lang='lat' dir='ltr'><strong>eorum,</strong></span> <span class='ocrx_word' id='word_1_193' title='bbox 1062 3038 1113 3121; x_wconf 91' lang='lat' dir='ltr'><strong>qui</strong></span> <span class='ocrx_word' id='word_1_194' title='bbox 1133 3042 1294 3106; x_wconf 89' lang='lat' dir='ltr'><strong>doctrinam</strong></span> 
     </span>
     <span class='ocr_line' id='line_1_25' title="bbox 124 3143 1294 3234; baseline 0.005 -26"><span class='ocrx_word' id='word_1_195' title='bbox 124 3145 217 3230; x_wconf 87' lang='lat' dir='ltr'><strong>ipsius</strong></span> <span class='ocrx_word' id='word_1_196' title='bbox 231 3154 398 3209; x_wconf 81' lang='lat' dir='ltr'><strong>constanter</strong></span> <span class='ocrx_word' id='word_1_197' title='bbox 412 3146 612 3227; x_wconf 82' lang='lat' dir='ltr'><strong>profiteantur.</strong></span> <span class='ocrx_word' id='word_1_198' title='bbox 643 3143 702 3208; x_wconf 90' lang='lat' dir='ltr'><strong>Sed</strong></span> <span class='ocrx_word' id='word_1_199' title='bbox 717 3143 848 3231; x_wconf 85' lang='grc' dir='ltr'>Χριστός</span> <span class='ocrx_word' id='word_1_200' title='bbox 863 3145 1019 3227; x_wconf 89' lang='lat' dir='ltr'><strong>opponitur</strong></span> <span class='ocrx_word' id='word_1_201' title='bbox 1040 3146 1180 3234; x_wconf 81' lang='grc' dir='ltr'><strong>διδαχαῖς</strong></span> <span class='ocrx_word' id='word_1_202' title='bbox 1194 3153 1294 3214; x_wconf 75' lang='grc' dir='ltr'>ποικί-</span> 
     </span>
     <span class='ocr_line' id='line_1_26' title="bbox 125 3251 1293 3334; baseline -0.002 -16"><span class='ocrx_word' id='word_1_203' title='bbox 125 3253 196 3326; x_wconf 83' lang='grc' dir='ltr'><strong>λαις</strong></span> <span class='ocrx_word' id='word_1_204' title='bbox 210 3255 264 3318; x_wconf 82' lang='grc' dir='ltr'>ιιαῑ</span> <span class='ocrx_word' id='word_1_205' title='bbox 278 3252 386 3329; x_wconf 75' lang='grc' dir='ltr'>ξέναις,</span> <span class='ocrx_word' id='word_1_206' title='bbox 401 3269 525 3334; x_wconf 89' lang='lat' dir='ltr'><strong>quamm</strong></span> <span class='ocrx_word' id='word_1_207' title='bbox 539 3271 567 3314; x_wconf 86' lang='lat' dir='ltr'><strong>v.</strong></span> <span class='ocrx_word' id='word_1_208' title='bbox 583 3270 642 3333; x_wconf 87' lang='lat' dir='ltr'><strong>seq.</strong></span> <span class='ocrx_word' id='word_1_209' title='bbox 658 3252 767 3316; x_wconf 89' lang='lat' dir='ltr'><strong>mentio</strong></span> <span class='ocrx_word' id='word_1_210' title='bbox 777 3253 819 3325; x_wconf 77' lang='lat' dir='ltr'><strong>tir,</strong></span> <span class='ocrx_word' id='word_1_211' title='bbox 834 3253 1003 3334; x_wconf 87' lang='lat' dir='ltr'><strong>atqueadeo</strong></span> <span class='ocrx_word' id='word_1_212' title='bbox 1013 3251 1121 3316; x_wconf 81' lang='lat' dir='ltr'><strong>Christi</strong></span> <span class='ocrx_word' id='word_1_213' title='bbox 1131 3254 1293 3318; x_wconf 86' lang='lat' dir='ltr'><strong>doctrinam</strong></span> 
     </span>
     <span class='ocr_line' id='line_1_27' title="bbox 124 3356 1294 3433; baseline 0 -11"><span class='ocrx_word' id='word_1_214' title='bbox 124 3357 242 3433; x_wconf 86' lang='lat' dir='ltr'><strong>indicat,</strong></span> <span class='ocrx_word' id='word_1_215' title='bbox 264 3368 295 3420; x_wconf 86' lang='lat' dir='ltr'><strong>et</strong></span> <span class='ocrx_word' id='word_1_216' title='bbox 317 3357 462 3422; x_wconf 86' lang='lat' dir='ltr'><strong>sententia</strong></span> <span class='ocrx_word' id='word_1_217' title='bbox 484 3357 582 3420; x_wconf 85' lang='lat' dir='ltr'><strong>verbis</strong></span> <span class='ocrx_word' id='word_1_218' title='bbox 596 3356 683 3420; x_wconf 89' lang='lat' dir='ltr'><strong>huius</strong></span> <span class='ocrx_word' id='word_1_219' title='bbox 697 3377 798 3422; x_wconf 86' lang='lat' dir='ltr'><strong>versus</strong></span> <span class='ocrx_word' id='word_1_220' title='bbox 821 3358 897 3420; x_wconf 88' lang='lat' dir='ltr'><strong>inest</strong></span> <span class='ocrx_word' id='word_1_221' title='bbox 919 3359 1006 3422; x_wconf 88' lang='lat' dir='ltr'><strong>haec:</strong></span> <span class='ocrx_word' id='word_1_222' title='bbox 1031 3357 1140 3422; x_wconf 80' lang='lat' dir='ltr'><strong>Christi</strong></span> <span class='ocrx_word' id='word_1_223' title='bbox 1164 3359 1294 3424; x_wconf 87' lang='lat' dir='ltr'><strong>doctrina</strong></span> 
     </span>
     <span class='ocr_line' id='line_1_28' title="bbox 123 3463 1293 3548; baseline 0.003 -22"><span class='ocrx_word' id='word_1_224' title='bbox 123 3473 263 3548; x_wconf 87' lang='lat' dir='ltr'><strong>perpetuo</strong></span> <span class='ocrx_word' id='word_1_225' title='bbox 286 3466 390 3528; x_wconf 88' lang='lat' dir='ltr'><strong>eadem</strong></span> <span class='ocrx_word' id='word_1_226' title='bbox 413 3473 521 3540; x_wconf 80' lang='lat' dir='ltr'><strong>manet,</strong></span> <span class='ocrx_word' id='word_1_227' title='bbox 545 3472 590 3526; x_wconf 87' lang='lat' dir='ltr'><strong>est</strong></span> <span class='ocrx_word' id='word_1_228' title='bbox 613 3463 815 3528; x_wconf 86' lang='lat' dir='ltr'><strong>immutabilis.</strong></span> <span class='ocrx_word' id='word_1_229' title='bbox 844 3465 908 3528; x_wconf 91' lang='lat' dir='ltr'><strong>Hoc</strong></span> <span class='ocrx_word' id='word_1_230' title='bbox 931 3465 1094 3548; x_wconf 88' lang='lat' dir='ltr'><strong>significatu</strong></span> <span class='ocrx_word' id='word_1_231' title='bbox 1117 3467 1293 3530; x_wconf 84' lang='lat' dir='ltr'><strong>vocabulum</strong></span> 
     </span>
     <span class='ocr_line' id='line_1_29' title="bbox 125 3569 1293 3659; baseline 0.003 -21"><span class='ocrx_word' id='word_1_232' title='bbox 125 3570 257 3659; x_wconf 80' lang='grc' dir='ltr'>Χριστός</span> <span class='ocrx_word' id='word_1_233' title='bbox 281 3592 369 3655; x_wconf 81' lang='lat' dir='ltr'><strong>saepo</strong></span> <span class='ocrx_word' id='word_1_234' title='bbox 383 3571 414 3634; x_wconf 91' lang='lat' dir='ltr'><strong>in</strong></span> <span class='ocrx_word' id='word_1_235' title='bbox 428 3569 560 3653; x_wconf 87' lang='lat' dir='ltr'><strong>epistolis</strong></span> <span class='ocrx_word' id='word_1_236' title='bbox 581 3570 714 3634; x_wconf 84' lang='lat' dir='ltr'><strong>Paulinis</strong></span> <span class='ocrx_word' id='word_1_237' title='bbox 736 3570 841 3652; x_wconf 90' lang='lat' dir='ltr'><strong>legitur</strong></span> <span class='ocrx_word' id='word_1_238' title='bbox 862 3570 921 3657; x_wconf 84' lang='lat' dir='ltr'><strong>(ex.</strong></span> <span class='ocrx_word' id='word_1_239' title='bbox 942 3590 982 3654; x_wconf 88' lang='lat' dir='ltr'><strong>gr.</strong></span> <span class='ocrx_word' id='word_1_240' title='bbox 1006 3572 1093 3638; x_wconf 87' lang='lat' dir='ltr'><strong>Rom.</strong></span> <span class='ocrx_word' id='word_1_241' title='bbox 1115 3572 1203 3636; x_wconf 86' lang='lat' dir='ltr'><strong>VIII.</strong></span> <span class='ocrx_word' id='word_1_242' title='bbox 1227 3577 1293 3650; x_wconf 91' lang='lat'>10.;</span> 
     </span>
     <span class='ocr_line' id='line_1_30' title="bbox 123 3675 497 3761; baseline 0 -21"><span class='ocrx_word' id='word_1_243' title='bbox 123 3679 202 3759; x_wconf 79' lang='lat' dir='ltr'><strong>Elplu</strong></span> <span class='ocrx_word' id='word_1_244' title='bbox 217 3679 273 3742; x_wconf 89' lang='lat' dir='ltr'><strong>IV.</strong></span> <span class='ocrx_word' id='word_1_245' title='bbox 289 3680 342 3746; x_wconf 83' lang='lat'><strong>20.</strong></span> <span class='ocrx_word' id='word_1_246' title='bbox 357 3687 388 3740; x_wconf 90' lang='lat' dir='ltr'><strong>et</strong></span> <span class='ocrx_word' id='word_1_247' title='bbox 401 3675 497 3761; x_wconf 84' lang='lat' dir='ltr'><strong>alibi).</strong></span> 
     </span>
    </p>
   </div>
   <div class='ocr_carea' id='block_1_8' title="bbox 121 3798 1293 4420">
    <p class='ocr_par' dir='ltr' id='par_1_8' title="bbox 121 3798 1293 4420">
     <span class='ocr_line' id='line_1_31' title="bbox 211 3798 1289 3892; baseline 0.004 -28"><span class='ocrx_word' id='word_1_248' title='bbox 211 3821 241 3866; x_wconf 85' lang='grc' dir='ltr'><strong>ν.</strong></span> <span class='ocrx_word' id='word_1_249' title='bbox 256 3803 288 3869; x_wconf 90' lang='grc'><strong>9.</strong></span> <span class='ocrx_word' id='word_1_250' title='bbox 303 3798 451 3889; x_wconf 86' lang='grc' dir='ltr'>Διδσιχαῖς</span> <span class='ocrx_word' id='word_1_251' title='bbox 465 3803 619 3877; x_wconf 78' lang='grc' dir='ltr'>ποικίλαις</span> <span class='ocrx_word' id='word_1_252' title='bbox 627 3805 680 3868; x_wconf 78' lang='grc' dir='ltr'><strong>καὶ</strong></span> <span class='ocrx_word' id='word_1_253' title='bbox 695 3803 793 3878; x_wconf 77' lang='grc' dir='ltr'>ξέναις</span> <span class='ocrx_word' id='word_1_254' title='bbox 802 3807 845 3892; x_wconf 75' lang='grc' dir='ltr'><strong>μὴ</strong></span> <span class='ocrx_word' id='word_1_255' title='bbox 855 3805 1078 3889; x_wconf 67' lang='grc' dir='ltr'>παραφέρεσθε</span> <span class='ocrx_word' id='word_1_256' title='bbox 1101 3798 1210 3870; x_wconf 80' lang='grc' dir='ltr'>Καλὸν</span> <span class='ocrx_word' id='word_1_257' title='bbox 1219 3808 1289 3890; x_wconf 80' lang='grc' dir='ltr'><strong>γὰρ,</strong></span> 
     </span>
     <span class='ocr_line' id='line_1_32' title="bbox 123 3904 1291 3998; baseline 0.001 -23"><span class='ocrx_word' id='word_1_258' title='bbox 123 3913 226 3997; x_wconf 77' lang='grc' dir='ltr'>χάριτι</span> <span class='ocrx_word' id='word_1_259' title='bbox 242 3911 440 3992; x_wconf 73' lang='grc' dir='ltr'>βεβαιοῦσθαι</span> <span class='ocrx_word' id='word_1_260' title='bbox 455 3914 508 3998; x_wconf 77' lang='grc' dir='ltr'><strong>τὴν</strong></span> <span class='ocrx_word' id='word_1_261' title='bbox 524 3911 658 3994; x_wconf 84' lang='grc' dir='ltr'>ιιαρδίαν,</span> <span class='ocrx_word' id='word_1_262' title='bbox 674 3905 710 3976; x_wconf 82' lang='lat' dir='ltr'><strong>cd</strong></span> <span class='ocrx_word' id='word_1_263' title='bbox 727 3912 889 3995; x_wconf 77' lang='grc' dir='ltr'>βρώμασιν,</span> <span class='ocrx_word' id='word_1_264' title='bbox 905 3907 937 3973; x_wconf 81' lang='grc' dir='ltr'><strong>ἐν</strong></span> <span class='ocrx_word' id='word_1_265' title='bbox 952 3906 998 3982; x_wconf 75' lang='grc' dir='ltr'><strong>οἱς</strong></span> <span class='ocrx_word' id='word_1_266' title='bbox 1016 3904 1073 3972; x_wconf 75' lang='lat' dir='ltr'><strong>clm</strong></span> <span class='ocrx_word' id='word_1_267' title='bbox 1082 3905 1291 3998; x_wconf 74' lang='grc' dir='ltr'>ὠφελήθησαν</span> 
     </span>
     <span class='ocr_line' id='line_1_33' title="bbox 123 4012 1293 4103; baseline -0.003 -22"><span class='ocrx_word' id='word_1_268' title='bbox 123 4012 152 4082; x_wconf 83' lang='grc' dir='ltr'><strong>οἱ</strong></span> <span class='ocrx_word' id='word_1_269' title='bbox 166 4022 427 4103; x_wconf 76' lang='grc' dir='ltr'>περιπατήσαντες.</span> <span class='ocrx_word' id='word_1_270' title='bbox 442 4051 487 4064; x_wconf 92' lang='lat'>-</span> <span class='ocrx_word' id='word_1_271' title='bbox 504 4013 584 4086; x_wconf 83' lang='lat' dir='ltr'><strong>Quia</strong></span> <span class='ocrx_word' id='word_1_272' title='bbox 599 4013 707 4078; x_wconf 80' lang='lat' dir='ltr'><strong>Christi</strong></span> <span class='ocrx_word' id='word_1_273' title='bbox 722 4015 860 4088; x_wconf 79' lang='grc' dir='ltr'>ἀοσιιίιια,</span> <span class='ocrx_word' id='word_1_274' title='bbox 879 4014 944 4075; x_wconf 85' lang='lat' dir='ltr'><strong>vult</strong></span> <span class='ocrx_word' id='word_1_275' title='bbox 957 4013 1109 4095; x_wconf 84' lang='lat' dir='ltr'><strong>apostolus</strong></span> <span class='ocrx_word' id='word_1_276' title='bbox 1124 4013 1225 4090; x_wconf 85' lang='lat' dir='ltr'><strong>dicere,</strong></span> <span class='ocrx_word' id='word_1_277' title='bbox 1240 4036 1293 4078; x_wconf 69' lang='lat' dir='ltr'><strong>ea</strong></span> 
     </span>
     <span class='ocr_line' id='line_1_34' title="bbox 122 4118 1293 4203; baseline 0.002 -20"><span class='ocrx_word' id='word_1_278' title='bbox 122 4121 190 4184; x_wconf 85' lang='lat' dir='ltr'><strong>dnm</strong></span> <span class='ocrx_word' id='word_1_279' title='bbox 204 4139 318 4203; x_wconf 84' lang='lat' dir='ltr'><strong>semper</strong></span> <span class='ocrx_word' id='word_1_280' title='bbox 332 4129 378 4182; x_wconf 89' lang='lat' dir='ltr'><strong>est</strong></span> <span class='ocrx_word' id='word_1_281' title='bbox 392 4130 423 4182; x_wconf 91' lang='lat' dir='ltr'><strong>et</strong></span> <span class='ocrx_word' id='word_1_282' title='bbox 437 4141 500 4183; x_wconf 90' lang='lat' dir='ltr'><strong>esse</strong></span> <span class='ocrx_word' id='word_1_283' title='bbox 514 4118 611 4196; x_wconf 68' lang='lat' dir='ltr'><strong>debet,</strong></span> <span class='ocrx_word' id='word_1_284' title='bbox 627 4141 664 4184; x_wconf 92' lang='lat' dir='ltr'><strong>ne</strong></span> <span class='ocrx_word' id='word_1_285' title='bbox 678 4121 815 4185; x_wconf 84' lang='lat' dir='ltr'><strong>doctrinis</strong></span> <span class='ocrx_word' id='word_1_286' title='bbox 829 4119 918 4182; x_wconf 87' lang='lat' dir='ltr'><strong>variis</strong></span> <span class='ocrx_word' id='word_1_287' title='bbox 932 4127 963 4182; x_wconf 88' lang='lat' dir='ltr'><strong>et</strong></span> <span class='ocrx_word' id='word_1_288' title='bbox 971 4119 1135 4202; x_wconf 85' lang='lat' dir='ltr'><strong>peregrinis,</strong></span> <span class='ocrx_word' id='word_1_289' title='bbox 1150 4140 1225 4202; x_wconf 89' lang='lat' dir='ltr'><strong>quae</strong></span> <span class='ocrx_word' id='word_1_290' title='bbox 1234 4141 1293 4186; x_wconf 93' lang='lat' dir='ltr'><strong>non</strong></span> 
     </span>
     <span class='ocr_line' id='line_1_35' title="bbox 122 4213 1293 4318; baseline 0.004 -28"><span class='ocrx_word' id='word_1_291' title='bbox 122 4235 193 4290; x_wconf 91' lang='lat' dir='ltr'><strong>snut</strong></span> <span class='ocrx_word' id='word_1_292' title='bbox 206 4237 305 4308; x_wconf 84' lang='lat' dir='ltr'><strong>partes</strong></span> <span class='ocrx_word' id='word_1_293' title='bbox 319 4226 466 4290; x_wconf 83' lang='lat' dir='ltr'><strong>doctrinae</strong></span> <span class='ocrx_word' id='word_1_294' title='bbox 480 4227 665 4304; x_wconf 65' lang='lat' dir='ltr'><strong>chrotinnae,</strong></span> <span class='ocrx_word' id='word_1_295' title='bbox 681 4248 734 4292; x_wconf 87' lang='lat' dir='ltr'><strong>vos</strong></span> <span class='ocrx_word' id='word_1_296' title='bbox 748 4227 844 4308; x_wconf 88' lang='lat' dir='ltr'><strong>abripi</strong></span> <span class='ocrx_word' id='word_1_297' title='bbox 858 4213 1021 4308; x_wconf 81' lang='lat' dir='ltr'><strong>patiamini.</strong></span> <span class='ocrx_word' id='word_1_298' title='bbox 1037 4263 1080 4272; x_wconf 89' lang='lat'>—</span> <span class='ocrx_word' id='word_1_299' title='bbox 1090 4226 1147 4289; x_wconf 92' lang='lat' dir='ltr'><strong>Per</strong></span> <span class='ocrx_word' id='word_1_300' title='bbox 1161 4228 1293 4318; x_wconf 83' lang='grc' dir='ltr'>διδαχδις</span> 
     </span>
     <span class='ocr_line' id='line_1_36' title="bbox 121 4332 1293 4420; baseline 0.001 -18"><span class='ocrx_word' id='word_1_301' title='bbox 121 4333 264 4408; x_wconf 75' lang='grc' dir='ltr'>ποικίλας</span> <span class='ocrx_word' id='word_1_302' title='bbox 284 4338 337 4400; x_wconf 79' lang='grc' dir='ltr'><strong>ναὶ</strong></span> <span class='ocrx_word' id='word_1_303' title='bbox 353 4334 440 4410; x_wconf 70' lang='grc' dir='ltr'>ξένας</span> <span class='ocrx_word' id='word_1_304' title='bbox 461 4343 531 4398; x_wconf 88' lang='lat' dir='ltr'><strong>sunt</strong></span> <span class='ocrx_word' id='word_1_305' title='bbox 551 4343 665 4398; x_wconf 84' lang='lat' dir='ltr'><strong>statuta</strong></span> <span class='ocrx_word' id='word_1_306' title='bbox 687 4334 759 4417; x_wconf 88' lang='lat' dir='ltr'><strong>legis</strong></span> <span class='ocrx_word' id='word_1_307' title='bbox 780 4332 928 4398; x_wconf 84' lang='lat' dir='ltr'><strong>Moesicae</strong></span> <span class='ocrx_word' id='word_1_308' title='bbox 949 4332 1147 4417; x_wconf 83' lang='lat' dir='ltr'><strong>intelligendu,</strong></span> <span class='ocrx_word' id='word_1_309' title='bbox 1170 4354 1293 4420; x_wconf 88' lang='lat' dir='ltr'><strong>quorum</strong></span> 
     </span>
    </p>
   </div>
   <div class='ocr_carea' id='block_1_9' title="bbox 0 0 1552 4886">
    <p class='ocr_par' dir='ltr' id='par_1_9' title="bbox 0 0 1552 4886">
     <span class='ocr_line' id='line_1_37' title="bbox 0 0 1552 4886; baseline 0 2"><span class='ocrx_word' id='word_1_310' title='bbox 0 0 1552 4886; x_wconf 95' lang='lat' dir='ltr'><strong> </strong></span> 
     </span>
    </p>
   </div>
  </div>
 </body>
</html>
