3064 4894
597 288 722 350 Expositis
740 285 784 337 lx.
803 282 829 337 7.
847 285 874 336 8.
1255 289 1317 354 143

237 485 263 523 v·
281 467 309 531 l.
327 463 369 538 εἰς
385 466 416 527 δὲ
433 470 486 551 τὴν
508 466 647 548 δευτέραν
670 463 749 538 ἅπαξ
773 475 825 529 τοῦ
848 462 983 528 ἐνιαυτοῦ
1006 469 1096 549 μῦνος
1119 461 1138 526 ὁ.
1158 461 1317 550 ἀρχιερεὺς

149 569 183 636 οὐ
199 575 295 657 χωρὶς
312 567 447 657 αἵματος,
463 568 480 633 ὅ
495 577 656 657 προςρὲρει
672 567 746 655 ὑπὲρ
764 569 872 635 ἑαυτοῦ
888 575 940 634 καὶ
956 582 1011 634 τιῦν
1029 579 1081 636 τοῦ
1105 573 1182 635 λαοῦ
1204 569 1317 657 ἀγνοη-

148 685 260 765 μάτων,
277 715 311 722 —
336 677 505 738 Pontificem
522 677 653 757 quolibet
667 697 745 738 anno
767 678 829 738 solo
851 677 897 737 dio
919 677 1093 756 expiationis
1115 676 1246 750 solemni,
1267 679 1317 738 sed

149 784 263 846 hoodie
285 803 341 848 non
364 785 452 845 semel
476 793 601 855 tantum,
626 785 676 845 sed
697 785 743 846 bis
758 783 788 844 in
812 785 934 863 adytum
960 783 1119 864 ingressum
1140 803 1211 854 esse,
1235 785 1318 846 dooet

149 892 228 953 loeus
244 892 315 953 Lev.
339 890 439 973 (XVI.
461 889 610 972 12-17.)
633 899 663 950 et
677 889 773 954 Plu'lo
797 891 960 965 confirmem
985 889 1111 970 primum
1135 901 1167 952 ut
1188 888 1317 952 sacrificii

147 1015 201 1076 pro
211 997 271 1059 suis
285 997 513 1077 peceatisoblati
523 997 662 1077 sanguiue
671 995 838 1076 operculum
848 1013 931 1058 areae
947 997 1067 1057 foederis
1075 1007 1273 1077 oouspergeret
1288 1005 1317 1057 et

148 1105 282 1166 suffitum
298 1105 404 1166 faceret
414 1101 499 1188 (Lev.
509 1103 596 1164 XVI.
617 1099 778 1186 1244),
794 1102 907 1176 iterum,
924 1101 1104 1184 utsanguine
1120 1102 1249 1166 saorifioii
1264 1120 1316 1183 pro

151 1211 261 1292 populo
276 1209 370 1271 oblati
391 1209 468 1272 idem
491 1209 656 1289 operculum
673 1219 836 1289 aspergeret
852 1206 937 1293 (Lev.
953 1209 1041 1271 XVI.
1067 1207 1228 1293 lb-17.).
1259 1209 1316 1272 Sed

147 1317 171 1378 si
187 1321 234 1380 bis
250 1317 278 1378 in
295 1315 517 1379 sanctissimum
539 1316 668 1387 intravit,
691 1316 850 1378 necessario
872 1317 985 1378 verbis:
1010 1315 1090 1392 ἅπαξ
1112 1326 1165 1382 τοῦ
1181 1315 1315 1382 ἐνιαυτοῦ

147 1444 247 1486 sensus
264 1422 365 1486 subiici
382 1425 482 1485 debet:
506 1443 562 1484 uno
583 1421 655 1484 anni
667 1423 729 1499 die;
752 1422 888 1486 nimirum
909 1424 992 1486 unioo
1013 1424 1188 1505 expiationis
1201 1422 1256 1486 die.
1274 1461 1313 1469 —

147 1529 324 1619 ἀηνοηροιτσι
340 1529 468 1592 indicant
483 1531 512 1591 h.
529 1530 547 1590 l.
564 1537 683 1609 peecata
698 1551 748 1591 seu
764 1529 839 1592 tales
863 1529 934 1612 legis
949 1548 1048 1594 sacrae
1071 1531 1219 1602 laesiones,
1241 1550 1316 1610 quae

147 1655 197 1718 per
207 1635 409 1717 ignorantiam,
425 1657 482 1699 non
493 1645 596 1717 sponte
605 1636 842 1712 committuntur3
858 1648 887 1700 et
897 1637 1009 1700 nonnisi
1019 1638 1076 1698 bae
1086 1637 1157 1717 legis
1167 1637 1315 1710 laesiones,

146 1765 221 1824 quae
237 1764 274 1806 ex
288 1741 451 1823 ignorantia
466 1753 582 1805 tantum
598 1752 628 1804 et
643 1763 700 1804 uon
715 1763 753 1806 ex
768 1744 935 1806 voluntario
957 1739 1028 1822 legis
1053 1753 1219 1822 oontemptu
1235 1763 1315 1805 oom-

147 1851 345 1923 mittebautur‚
361 1850 473 1932 expiari
488 1859 622 1931 poterant
638 1849 665 1910 in
683 1860 806 1920 tantum,
825 1860 857 1911 ut
873 1850 965 1912 laesor
981 1871 1000 1910 a
1024 1860 1106 1912 reatu
1122 1849 1223 1912 mortis
1239 1859 1315 1912 tem-

146 1957 262 2038 poralis,
279 1957 339 2018 sive
355 1955 603 2020 exterminationis
619 1978 634 2016 e
651 1958 757 2036 populo
774 1957 862 2018 lsrael
890 1974 940 2036 per
963 1956 1121 2018 violentam
1146 1956 1314 2020 oooisiouem

148 2065 336 2140 liberaretur3
360 2083 416 2126 nou
439 2072 537 2126 autem
558 2064 613 2124 fuit
628 2064 753 2126 violator
769 2065 840 2145 legis
855 2084 873 2124 a
888 2073 969 2124 reatu
993 2062 1093 2125 mortis
1115 2073 1249 2126 aeternae
1264 2082 1315 2144 per

146 2171 314 2249 sangninem
333 2171 493 2241 absolutus
510 2190 565 2232 non
582 2181 692 2230 verset
709 2171 818 2232 interne
834 2190 898 2233 oum
917 2173 978 2230 fleo
995 2170 1199 2232 reconciliatus.

239 2297 266 2340 v.
274 2281 301 2342 8.
310 2287 397 2342 τοῦτο
408 2278 573 2363 δηλοῦντος
583 2288 635 2341 τοῦ
646 2281 812 2362 πνεῦματος
824 2288 874 2342 τοῦ
885 2276 979 2358 ἁγίου,
986 2284 1075 2364 μηπω
1084 2280 1316 2362 πεφανερῶσθαι

147 2389 199 2471 τὴν
216 2396 274 2448 τῶν
290 2381 381 2464 ἁγίων
397 2381 475 2458 ὁδὸν,
492 2384 535 2447 ἔτι
551 2396 604 2470 της
621 2389 742 2470 πρώτης
758 2395 872 2470 σκηνης
889 2382 1021 2470 ἐχοῦσης
1037 2390 1147 2459 στάσιν,
1159 2419 1200 2428 -—
1212 2382 1316 2466 lneipit

148 2509 224 2551 uuno
239 2489 390 2569 apostolus
399 2506 542 2570 exponere
558 2490 726 2570 allegoriam
737 2508 846 2561 eorum,
863 2509 937 2568 (puae
947 2488 1078 2568 proxime
1087 2488 1163 2550 dixit
1178 2491 1213 2550 de
1223 2489 1315 2570 primo

144 2605 174 2657 et
189 2599 313 2658 seeundo
329 2596 530 2668 tabernaculo;
554 2615 589 2656 ao
611 2595 736 2677 primum
759 2596 860 2675 aperit
884 2594 952 2674 quid
969 2594 996 2654 in
1020 2614 1053 2655 eo
1075 2594 1158 2656 fuerit
1176 2595 1315 2674 mysterii,

146 2706 225 2783 quod
239 2703 319 2765 solus
334 2702 465 2782 pontifex
475 2702 689 2783 ingrediebatur
703 2701 732 2763 in
748 2704 904 2770 seeundum
915 2703 1144 2772 tabernaculum,
1160 2703 1236 2780 quod
1252 2711 1315 2762 erat

145 2809 254 2871 Sancta
270 2808 451 2872 Sauotorum.
483 2809 576 2871 Dioit:
595 2809 650 2872 Per
665 2809 747 2882 illud,
763 2811 839 2888 quod
856 2808 884 2869 in
902 2807 1011 2869 &uota
1020 2807 1192 2870 Sanctorum
1210 2807 1315 2870 nemini

148 2917 269 2995 patebat
284 2914 436 2996 ingressus,
451 2926 653 2996 praeterquam
676 2913 730 2976 soli
745 2913 882 2995 pontifici,
909 2923 938 2974 et
953 2914 1020 2976 huic
1041 2914 1130 2976 semel
1153 2923 1269 2976 tantum
1285 2913 1314 2976 in

144 3041 230 3094 anno,
241 3021 360 3102 mystioe
377 3021 459 3083 nobis
469 3021 629 3103 signilioare
646 3022 710 3083 vult
720 3020 846 3103 Spiritus
861 3042 892 3094 s,‚
909 3021 1001 3101 priore
1011 3022 1199 3084 tabernaculo
1208 3030 1315 3094 stante,

145 3128 161 3192 i.
178 3148 202 3188 e.
219 3128 281 3209 lege
295 3128 394 3198 veteri,
411 3149 486 3208 quue
501 3145 554 3208 per
569 3129 648 3208 prius
664 3127 884 3190 tabernaculum
900 3127 1125 3207 significabatur,
1147 3129 1243 3190 adhue
1258 3129 1314 3188 du-

147 3243 237 3308 rante,
254 3237 381 3296 nondum
406 3234 622 3297 manifestatam
645 3234 731 3296 fuisse
753 3235 831 3295 viarn
854 3235 892 3296 ad
918 3233 1026 3296 Sancta
1042 3233 1223 3308 Sanctorum,
1245 3235 1274 3299 h,
1290 3255 1314 3300 e.

146 3342 184 3401 ad
200 3341 320 3413 eoelum,
347 3358 398 3420 per
412 3339 466 3401 illa
488 3339 597 3403 Sancta
620 3339 828 3421 signifieatun13
850 3341 899 3402 sed
923 3343 1038 3402 demum
1061 3342 1315 3415 manifestandam,

147 3455 302 3527 postquam
325 3445 458 3508 Christus
481 3447 612 3527 pontifex
644 3456 739 3509 noster
760 3446 830 3508 illue
853 3465 903 3528 per
925 3447 1095 3530 sanguinem
1116 3468 1201 3510 suum
1224 3449 1314 3510 intro·

146 3571 260 3632 gressus
276 3553 378 3614 fuisset
394 3551 548 3636 (Esaias).
564 3589 607 3600 -
618 3554 750 3615 Verbum
766 3555 888 3641 δηλοῦν,
906 3554 1039 3628 indicare,
1055 3555 1210 3628 declarare,
1225 3555 1313 3618 etiam

146 3681 164 3720 a
180 3659 367 3740 scriptoribus
383 3659 509 3740 profanis
525 3663 561 3723 de
575 3660 699 3724 oraeulis
714 3669 744 3722 et
764 3660 881 3723 monitis
896 3661 1000 3723 divinis
1022 3661 1243 3728 adhibetu1·.-
1261 3668 1312 3749 τὴν

145 3779 201 3832 τῶν
217 3764 309 3847 ἁγίων
318 3763 387 3831 ὁδόν
398 3768 523 3846 positum
533 3777 577 3830 est
587 3785 638 3848 pro
654 3773 708 3855 την
723 3764 765 3842 εἰς
775 3771 813 3833 τὰ
821 3765 893 3850 ἅγια
909 3766 987 3842 ὁδόν,
1003 3777 1033 3827 et
1047 3767 1314 3847 intelligendasunt

145 3877 181 3938 τὰ
197 3869 269 3954 ἅγια
284 3869 353 3937 κατ’
369 3871 575 3960 ἐξοχηνῦίοιο,
592 3875 845 3947 Sanctissimae,
862 3873 1016 3955 etquidem
1027 3878 1065 3938 τὰ
1080 3872 1152 3956 ἅγια
1167 3872 1313 3961 ἀληθινά,

144 3981 267 4060 adytum
282 3979 412 4044 eoeleste.
434 4017 462 4024 *
480 3979 500 4069 ἡ
515 3985 619 4068 πρώτη
636 3988 733 4069 σιιηνη
748 3989 875 4062 estpars
890 3979 1069 4042 tabernaculi
1080 4001 1130 4041 seu
1140 3980 1241 4062 templi
1257 4001 1313 4043 an-

145 4085 237 4149 terior.
271 4085 421 4166 Significat
430 4096 533 4148 autem
544 4087 574 4148 in
584 4089 640 4150 bae
650 4091 801 4150 verborum
812 4087 1011 4168 eomplexione
1020 4086 1132 4150 uultum
1142 4087 1313 4161 leviticum,

144 4211 316 4273 omnemque
340 4202 468 4254 veterem
491 4194 695 4256 oeoonomiam.
737 4193 885 4263 Quamdiu
911 4194 983 4256 baeo
1006 4199 1107 4258 στάσιν
1130 4193 1203 4280 ἔχει,
1225 4194 1313 4277 viget,

146 4319 202 4379 nou
218 4307 264 4362 est
279 4298 377 4361 aditus
392 4301 430 4361 ad
446 4301 541 4362 Deum
558 4300 637 4362 liber.
