3094 4892
570 311 610 361 De
627 317 726 361 anctore
744 311 870 375 epistolas.
1260 311 1302 378 25

135 489 204 550 dam
220 491 347 572 antiquis
369 490 550 570 evangelium
567 492 645 552 Petri
667 491 840 572 appellatur.
872 493 905 551 ln
929 491 1104 552 nominando
1127 491 1178 553 illo
1201 490 1302 562 altero,

136 595 186 676 qni
202 597 386 677 scriptionem
400 598 429 659 in
452 617 482 659 ss
498 597 661 678 susceperit,
685 597 799 677 patroni
824 596 911 658 huius
933 597 1128 677 hypotheseos
1153 617 1209 658 non
1232 614 1302 657 con-

136 702 270 776 veniunt3
280 703 331 764 alii
341 703 417 764 enim
428 705 474 765 vel
485 706 520 766 de
529 704 631 778 Daca
640 705 688 766 vel
698 706 733 765 de
743 705 904 768 Bernaba
913 703 960 763 vel
970 704 1005 764 de
1015 701 1168 767 dusmense
1176 703 1270 766 Rea
1278 697 1302 780 ¹)

100 880 104 886 ,
135 807 280 888 cogitant3
296 809 347 870 alii
362 820 461 872 antem
477 810 643 892 scriptorem
659 811 739 872 hand
753 808 873 870 indicari
888 829 973 889 posse
989 809 1125 882 latentur,
1142 799 1231 891 quani
1247 827 1301 887 po-

136 915 283 978 steriorem
299 917 471 978 sententiam
487 916 612 997 praeivit
621 919 774 997 Oeipcaes
789 915 915 976 scribens
924 912 1043 999 (Enseb.
1059 915 1099 976 Η.
1111 915 1143 976 Ε.
1154 913 1209 975 VI.
1221 909 1301 996 25.):

137 1023 232 1104 ,Epo
247 1024 295 1086 ita
310 1042 432 1086 censeo:
447 1026 616 1087 sententiae
632 1024 756 1103 quidem
771 1025 860 1104 ipsas
875 1021 1011 1105 aposloli
1021 1017 1132 1103 (Pauli)
1148 1041 1219 1094 csse,
1235 1007 1306 1082 ds‘e-¹

138 1129 252 1192 ticam
268 1139 374 1192 uestem
391 1139 419 1192 st
433 1132 684 1213 compositionem
700 1132 863 1192 verbosam
887 1148 951 1192 cese
973 1127 1106 1192 alterius
1127 1127 1301 1203 adcedam,

137 1237 192 1314 qai
208 1235 293 1300 dicta
307 1236 443 1318 apostoli
458 1257 700 1301 commemorare
715 1245 744 1298 et
758 1237 851 1316 quasi
865 1237 901 1297 ia
909 1235 1149 1299 commentarios
1163 1233 1303 1315 redipsrc

136 1341 273 1406 calamit
288 1363 333 1421 ea,
349 1362 429 1424 qaae
444 1363 465 1405 a
480 1345 634 1426 mapistro
651 1344 817 1407 comosus
832 1389 934 1409 .....
968 1341 1050 1418 Quis
1073 1351 1176 1405 aretem
1191 1354 1301 1403 revera

136 1467 207 1510 eam
221 1450 393 1532 scripserit,
409 1449 469 1514 soli
484 1451 681 1514 Desectam
697 1469 762 1512 essa
777 1451 889 1532 opinor
897 1453 919 1511 ⁸.
929 1453 976 1497 -'
982 1448 1042 1510 Ast
1056 1448 1114 1508 ista
1130 1443 1301 1528 hypothesis

136 1553 367 1617 dubitationibus
382 1557 461 1618 haud
477 1556 591 1618 levibus
605 1577 662 1618 non
677 1566 770 1630 caret;
787 1565 816 1616 ct
831 1555 982 1618 diversitas
997 1553 1066 1636 styli
1089 1555 1166 1614 hanc
1181 1553 1256 1613 inter
1271 1561 1301 1611 et

136 1660 264 1742 reliquas
279 1660 364 1723 Pauli
380 1662 519 1742 epistolas
541 1663 710 1743 explicatur,
733 1662 757 1722 si
779 1661 922 1722 sententia
943 1662 1119 1742 approbetur
1136 1655 1302 1720 clementis

136 1767 229 1830 Ales.
254 1767 394 1829 tradentis
418 1768 537 1852 (Euseb.
554 1770 592 1830 H.
609 1770 642 1829 Ε.
658 1769 712 1829 VI.
732 1765 796 1850 14.)
817 1767 971 1848 epistolam
991 1767 1068 1828 hanc
1082 1785 1102 1826 a
1127 1764 1221 1825 Paulo
1245 1763 1300 1822 hc-

137 1872 231 1934 braice
247 1873 384 1953 scriptam
401 1875 440 1934 ab
455 1873 514 1936 alio
529 1883 628 1936 autem
644 1874 673 1934 in
688 1873 812 1954 gratiam
828 1870 1004 1934 Graecorum
1027 1870 1057 1932 in
1073 1870 1202 1952 linguam
1218 1887 1302 1949 grae-

135 1997 199 2040 cam
215 1999 277 2040 esse
293 1979 506 2061 mandatumst)
537 1981 580 2042 Eo
595 1989 710 2042 tantum
725 1980 755 2041 in
770 1999 847 2053 casu,
863 1978 887 2040 si
902 1977 1018 2059 probari
1029 1986 1134 2058 posset,
1150 1974 1302 2058 syrochal-

137 2083 251 2146 deicum
282 2085 376 2165 operis
400 2087 613 2167 autographum
636 2106 783 2166 nunqnam
809 2085 968 2159 exstitisse,
993 2083 1049 2165 ipsi
1077 2083 1300 2154 defenderemus,

133 2189 263 2272 aliquem
279 2191 361 2267 ,soli
376 2194 448 2255 Deo
465 2195 644 2276 copnitam‘
660 2192 777 2255 omnino
792 2201 890 2254 autem
907 2193 981 2253 dono
1003 2189 1199 2272 inspirationis
1215 2205 1300 2250 exor-

136 2305 239 2358 natum
255 2298 583 2372 Judaeo-christianum,
607 2300 687 2361 cuius
702 2317 790 2380 opera
812 2297 961 2380 apostolus
984 2298 1123 2358 utendum
1144 2294 1300 2378 putaverit,

134 2402 235 2483 cuique
250 2423 365 2466 omnem
381 2404 520 2468 scribendi
536 2406 687 2468 materiam
703 2403 939 2486 suppeditaverit,
956 2403 1111 2485 epistolam
1134 2403 1296 2484 etquidem

132 2509 275 2590 integram
291 2529 435 2584 exarasse,
451 2512 576 2574 Paulum
592 2532 657 2573 eam
674 2521 813 2593 tanquam
830 2531 913 2573 suam
929 2511 1083 2574 lectoribus
1098 2508 1300 2580 transmisisse,

132 2614 251 2697 ideoque
267 2627 439 2698 argumenta
454 2629 575 2680 externa
591 2620 667 2680 hunc
682 2619 760 2680 illius
775 2629 920 2680 auctorem
936 2617 1108 2700 praedicare.

225 2897 243 2966 ¹)
263 2897 311 2959 Qui
329 2901 476 2950 affinitatem
495 2902 559 2951 inter
576 2902 669 2965 stylum
688 2901 805 2966 epistolas
823 2901 855 2951 sd
873 2901 1008 2958 Hebraeos,
1033 2913 1107 2965 quem
1132 2899 1294 2965 originarium

135 3001 189 3036 esse
207 2993 355 3046 statuarum,
375 2995 400 3038 et
417 3004 474 3038 eum
492 2991 518 3038 in
530 2990 613 3040 Lucae
625 2991 738 3056 operibus
756 2992 854 3040 obvium
865 2991 913 3040 sibi
929 2990 1051 3040 invenisse
1063 2995 1189 3053 putarunt,
1208 2987 1298 3051 (1¹¹1le

132 3074 231 3132 Μαι,
249 3073 318 3140 Hesp,
337 3073 467 3135 Quaem
480 3077 619 3136 Deliumle,
632 3076 748 3137 Edrard,
760 3077 861 3128 Lucam
872 3079 1021 3143 approbante
1033 3077 1142 3142 apostolo
1155 3076 1296 3139 scriptorem

130 3170 228 3214 nostres
245 3165 363 3227 epistolae
381 3166 503 3216 exstitisse
521 3174 676 3218 cemuerum.

221 3250 375 3301 Bosesabam
392 3253 471 3304 Panlo
490 3255 589 3304 lubente
613 3259 652 3304 sel
670 3257 826 3318 permittente
844 3262 919 3320 stqus
944 3255 1065 3322 cogitatus
1083 3267 1215 3316 eorumque
1234 3251 1296 3302 ordi-

129 3355 186 3390 nem
206 3342 378 3405 suppeditante
395 3341 462 3392 hanc
480 3343 608 3407 epistolam
626 3345 751 3409 scripsisse
768 3349 882 3393 statuunt
901 3341 1031 3404 Tlss‘srssls,
1045 3339 1187 3405 Haasdup,
1202 3338 1296 3389 Adoro.

37 3488 43 3500 Ι
130 3427 223 3478 Maior.

219 3517 332 3582 Denique
351 3516 461 3584 Bisps'ssp
487 3518 626 3584 (Erasmurn
652 3525 764 3584 sequens)
790 3522 843 3570 sine
868 3520 1030 3570 haesitatione
1055 3519 1122 3577 dicit,
1148 3517 1296 3568 timentem

130 3605 202 3653 Rom.
222 3606 298 3654 fuisse
316 3621 382 3662 eum,
402 3607 471 3656 cuius
489 3623 562 3672 opera
581 3608 674 3656 Paulus
693 3609 718 3656 in
746 3608 869 3658 exsrsnds
894 3607 1000 3672 epistola
1024 3608 1144 3658 utendum
1163 3607 1295 3672 putaverit.

132 3695 207 3742 Hunc
225 3694 377 3743 Clementem
406 3694 507 3751 ,Paulo
524 3693 676 3746 adimemus
693 3696 831 3745 emundas
855 3696 909 3746 sim
931 3696 1040 3761 propss'o
1058 3694 1195 3746 ordinasse
1213 3703 1237 3746 st
1253 3710 1293 3744 or-

128 3794 204 3830 nasse
223 3789 352 3830 amnone·
378 3783 453 3830 edam
479 3784 579 3847 quidam
604 3792 715 3834 veterum
740 3785 863 3844 dixeram,
881 3792 910 3834 nt
927 3799 959 3836 sx
982 3787 1123 3838 testimonio
1148 3781 1297 3850 Hieronymi

129 3867 212 3936 (cstsl.
231 3884 277 3918 scr.
296 3869 356 3919 eccl.
376 3883 398 3918 c.
417 3868 451 3931 5.)
471 3878 573 3921 constat.

220 3958 242 4018 ²)
262 3956 312 4007 Gfr.
331 3955 445 4006 messia
462 3957 480 4007 l.
499 3973 520 4013 c.
539 3956 576 4009 St.
595 3957 637 4008 94κ
