<?xml version="1.0" encoding="UTF-8"?>
<!DOCTYPE html PUBLIC "-//W3C//DTD XHTML 1.0 Transitional//EN"
    "http://www.w3.org/TR/xhtml1/DTD/xhtml1-transitional.dtd">
<html xmlns="http://www.w3.org/1999/xhtml" xml:lang="en" lang="en">
 <head>
  <title>
</title>
<meta http-equiv="Content-Type" content="text/html;charset=utf-8" />
  <meta name='ocr-system' content='tesseract 3.04.00' />
  <meta name='ocr-capabilities' content='ocr_page ocr_carea ocr_par ocr_line ocrx_word'/>
</head>
<body>
  <div class='ocr_page' id='page_1' title='image "./commentariusine00pngoog_0200.png"; bbox 0 0 3096 4886; ppageno 0'>
   <div class='ocr_carea' id='block_1_1' title="bbox 478 293 1287 411">
    <p class='ocr_par' dir='ltr' id='par_1_1' title="bbox 478 293 1287 411">
     <span class='ocr_line' id='line_1_1' title="bbox 478 293 1287 411; baseline -0.01 -31"><span class='ocrx_word' id='word_1_1' title='bbox 478 293 485 306; x_wconf 76' lang='grc'><strong>’</strong></span> <span class='ocrx_word' id='word_1_2' title='bbox 555 329 679 411; x_wconf 61' lang='lat' dir='ltr'>exposa</span> <span class='ocrx_word' id='word_1_3' title='bbox 698 327 742 379; x_wconf 82' lang='lat' dir='ltr'>nn.</span> <span class='ocrx_word' id='word_1_4' title='bbox 762 324 787 380; x_wconf 88' lang='grc' dir='ltr'>ο.</span> <span class='ocrx_word' id='word_1_5' title='bbox 808 323 850 375; x_wconf 87' lang='lat' dir='ltr'>ro.</span> <span class='ocrx_word' id='word_1_6' title='bbox 1225 315 1287 384; x_wconf 78' lang='lat'>185</span> 
     </span>
    </p>
   </div>
   <div class='ocr_carea' id='block_1_2' title="bbox 112 501 1331 4000">
    <p class='ocr_par' dir='ltr' id='par_1_2' title="bbox 115 501 1331 2517">
     <span class='ocr_line' id='line_1_2' title="bbox 120 501 1288 594; baseline -0.014 -16"><span class='ocrx_word' id='word_1_7' title='bbox 120 515 199 580; x_wconf 88' lang='lat' dir='ltr'>isset.</span> <span class='ocrx_word' id='word_1_8' title='bbox 215 551 257 560; x_wconf 91' lang='lat'>-</span> <span class='ocrx_word' id='word_1_9' title='bbox 272 513 462 594; x_wconf 82' lang='lat' dir='ltr'>Participiurn</span> <span class='ocrx_word' id='word_1_10' title='bbox 478 509 637 592; x_wconf 87' lang='lat' dir='ltr'>proesentis</span> <span class='ocrx_word' id='word_1_11' title='bbox 651 525 720 570; x_wconf 88' lang='lat' dir='ltr'>vero</span> <span class='ocrx_word' id='word_1_12' title='bbox 734 509 923 592; x_wconf 80' lang='grc' dir='ltr'><strong>καλοίμενος</strong></span> <span class='ocrx_word' id='word_1_13' title='bbox 948 502 1066 574; x_wconf 67' lang='lat' dir='ltr'>indicat,</span> <span class='ocrx_word' id='word_1_14' title='bbox 1082 501 1288 564; x_wconf 86' lang='lat' dir='ltr'>Abrahamum</span> 
     </span>
     <span class='ocr_line' id='line_1_3' title="bbox 120 608 1289 700; baseline -0.013 -16"><span class='ocrx_word' id='word_1_15' title='bbox 120 623 220 684; x_wconf 90' lang='lat' dir='ltr'>statim</span> <span class='ocrx_word' id='word_1_16' title='bbox 237 623 300 683; x_wconf 93' lang='lat' dir='ltr'>Deo</span> <span class='ocrx_word' id='word_1_17' title='bbox 314 619 430 682; x_wconf 85' lang='lat' dir='ltr'>vocanti</span> <span class='ocrx_word' id='word_1_18' title='bbox 445 618 594 680; x_wconf 89' lang='lat' dir='ltr'>obediisse.</span> <span class='ocrx_word' id='word_1_19' title='bbox 602 614 626 700; x_wconf 88' lang='lat'>1)</span> <span class='ocrx_word' id='word_1_20' title='bbox 642 652 685 662; x_wconf 86' lang='lat'><em>-</em></span> <span class='ocrx_word' id='word_1_21' title='bbox 707 615 794 676; x_wconf 86' lang='lat' dir='ltr'>Fides</span> <span class='ocrx_word' id='word_1_22' title='bbox 816 612 981 676; x_wconf 90' lang='lat' dir='ltr'>Abrahami</span> <span class='ocrx_word' id='word_1_23' title='bbox 1002 612 1033 675; x_wconf 93' lang='lat' dir='ltr'>in</span> <span class='ocrx_word' id='word_1_24' title='bbox 1055 631 1089 673; x_wconf 90' lang='lat' dir='ltr'>eo</span> <span class='ocrx_word' id='word_1_25' title='bbox 1108 608 1204 692; x_wconf 88' lang='lat' dir='ltr'>posita</span> <span class='ocrx_word' id='word_1_26' title='bbox 1218 617 1289 680; x_wconf 87' lang='lat' dir='ltr'>erat,</span> 
     </span>
     <span class='ocr_line' id='line_1_4' title="bbox 120 701 1290 810; baseline -0.015 -19"><span class='ocrx_word' id='word_1_27' title='bbox 120 731 206 810; x_wconf 89' lang='lat' dir='ltr'>quod,</span> <span class='ocrx_word' id='word_1_28' title='bbox 236 745 414 810; x_wconf 89' lang='lat' dir='ltr'>quamquam</span> <span class='ocrx_word' id='word_1_29' title='bbox 436 724 518 786; x_wconf 92' lang='lat' dir='ltr'>initio</span> <span class='ocrx_word' id='word_1_30' title='bbox 540 723 702 804; x_wconf 80' lang='lat' dir='ltr'>ignorabat,</span> <span class='ocrx_word' id='word_1_31' title='bbox 724 740 867 802; x_wconf 80' lang='lat' dir='ltr'><strong>quaenam</strong></span> <span class='ocrx_word' id='word_1_32' title='bbox 891 719 968 800; x_wconf 93' lang='lat' dir='ltr'>regio</span> <span class='ocrx_word' id='word_1_33' title='bbox 989 701 1045 801; x_wconf 89' lang='lat' dir='ltr'>ipsi</span> <span class='ocrx_word' id='word_1_34' title='bbox 1068 717 1192 799; x_wconf 88' lang='lat' dir='ltr'>petenda</span> <span class='ocrx_word' id='word_1_35' title='bbox 1214 723 1290 778; x_wconf 89' lang='lat' dir='ltr'>esset</span> 
     </span>
     <span class='ocr_line' id='line_1_5' title="bbox 122 818 1288 920; baseline -0.015 -22"><span class='ocrx_word' id='word_1_36' title='bbox 122 818 201 920; x_wconf 90' lang='lat' dir='ltr'>(coll.</span> <span class='ocrx_word' id='word_1_37' title='bbox 218 833 292 896; x_wconf 87' lang='lat' dir='ltr'><strong>Gen.</strong></span> <span class='ocrx_word' id='word_1_38' title='bbox 307 833 380 896; x_wconf 87' lang='grc' dir='ltr'>ΧΗ.</span> <span class='ocrx_word' id='word_1_39' title='bbox 400 828 449 914; x_wconf 94' lang='grc'>1.),</span> <span class='ocrx_word' id='word_1_40' title='bbox 465 841 494 893; x_wconf 88' lang='lat' dir='ltr'>et</span> <span class='ocrx_word' id='word_1_41' title='bbox 509 848 695 912; x_wconf 90' lang='lat' dir='ltr'>quamquam,</span> <span class='ocrx_word' id='word_1_42' title='bbox 711 847 776 890; x_wconf 90' lang='lat' dir='ltr'>cum</span> <span class='ocrx_word' id='word_1_43' title='bbox 791 828 925 908; x_wconf 87' lang='lat' dir='ltr'>deinceps</span> <span class='ocrx_word' id='word_1_44' title='bbox 945 827 975 888; x_wconf 93' lang='lat' dir='ltr'>in</span> <span class='ocrx_word' id='word_1_45' title='bbox 991 825 1177 888; x_wconf 85' lang='lat' dir='ltr'>Oananaeam</span> <span class='ocrx_word' id='word_1_46' title='bbox 1199 822 1288 903; x_wconf 90' lang='lat' dir='ltr'>proli-</span> 
     </span>
     <span class='ocr_line' id='line_1_6' title="bbox 121 931 1289 1021; baseline -0.014 -17"><span class='ocrx_word' id='word_1_47' title='bbox 121 941 188 1004; x_wconf 91' lang='lat' dir='ltr'>cisoi</span> <span class='ocrx_word' id='word_1_48' title='bbox 205 961 224 1002; x_wconf 93' lang='lat' dir='ltr'>a</span> <span class='ocrx_word' id='word_1_49' title='bbox 238 941 301 1002; x_wconf 91' lang='lat' dir='ltr'>Deo</span> <span class='ocrx_word' id='word_1_50' title='bbox 324 939 420 1000; x_wconf 86' lang='lat' dir='ltr'>iussus</span> <span class='ocrx_word' id='word_1_51' title='bbox 435 947 511 999; x_wconf 89' lang='lat' dir='ltr'>esset</span> <span class='ocrx_word' id='word_1_52' title='bbox 525 936 602 1021; x_wconf 85' lang='lat' dir='ltr'>(coll.</span> <span class='ocrx_word' id='word_1_53' title='bbox 618 934 692 1004; x_wconf 87' lang='lat' dir='ltr'>Gen.</span> <span class='ocrx_word' id='word_1_54' title='bbox 709 936 782 998; x_wconf 87' lang='lat' dir='ltr'><strong>XII.</strong></span> <span class='ocrx_word' id='word_1_55' title='bbox 797 934 852 1020; x_wconf 79' lang='grc'>5.),</span> <span class='ocrx_word' id='word_1_56' title='bbox 866 935 953 996; x_wconf 90' lang='lat' dir='ltr'>huius</span> <span class='ocrx_word' id='word_1_57' title='bbox 970 931 1093 1012; x_wconf 84' lang='lat' dir='ltr'>regionis</span> <span class='ocrx_word' id='word_1_58' title='bbox 1108 939 1244 994; x_wconf 90' lang='lat' dir='ltr'>naturam</span> <span class='ocrx_word' id='word_1_59' title='bbox 1259 939 1289 988; x_wconf 88' lang='lat' dir='ltr'>et</span> 
     </span>
     <span class='ocr_line' id='line_1_7' title="bbox 120 1039 1287 1124; baseline -0.012 -15"><span class='ocrx_word' id='word_1_60' title='bbox 120 1047 249 1111; x_wconf 88' lang='lat' dir='ltr'>indolem</span> <span class='ocrx_word' id='word_1_61' title='bbox 265 1066 322 1108; x_wconf 94' lang='lat' dir='ltr'>non</span> <span class='ocrx_word' id='word_1_62' title='bbox 339 1046 470 1106; x_wconf 86' lang='lat' dir='ltr'>habebat</span> <span class='ocrx_word' id='word_1_63' title='bbox 484 1043 638 1124; x_wconf 78' lang='lat' dir='ltr'>cognitam,</span> <span class='ocrx_word' id='word_1_64' title='bbox 661 1052 760 1104; x_wconf 88' lang='lat' dir='ltr'>tamen</span> <span class='ocrx_word' id='word_1_65' title='bbox 782 1044 844 1104; x_wconf 90' lang='lat' dir='ltr'>Deo</span> <span class='ocrx_word' id='word_1_66' title='bbox 866 1041 964 1122; x_wconf 88' lang='lat' dir='ltr'>paruit</span> <span class='ocrx_word' id='word_1_67' title='bbox 982 1039 1219 1118; x_wconf 76' lang='lat' dir='ltr'>chaldaeamque</span> <span class='ocrx_word' id='word_1_68' title='bbox 1240 1053 1287 1096; x_wconf 91' lang='lat' dir='ltr'>re-</span> 
     </span>
     <span class='ocr_line' id='line_1_8' title="bbox 121 1141 1289 1234; baseline -0.012 -18"><span class='ocrx_word' id='word_1_69' title='bbox 121 1153 217 1234; x_wconf 73' lang='lat' dir='ltr'>liquit,</span> <span class='ocrx_word' id='word_1_70' title='bbox 233 1172 298 1214; x_wconf 91' lang='lat' dir='ltr'>oum</span> <span class='ocrx_word' id='word_1_71' title='bbox 321 1152 347 1212; x_wconf 90' lang='lat' dir='ltr'>ei</span> <span class='ocrx_word' id='word_1_72' title='bbox 363 1149 613 1232; x_wconf 77' lang='lat' dir='ltr'>persuasissimum</span> <span class='ocrx_word' id='word_1_73' title='bbox 630 1157 714 1223; x_wconf 75' lang='lat' dir='ltr'>esset,</span> <span class='ocrx_word' id='word_1_74' title='bbox 729 1150 824 1210; x_wconf 91' lang='lat' dir='ltr'>Deum</span> <span class='ocrx_word' id='word_1_75' title='bbox 839 1168 902 1209; x_wconf 88' lang='lat' dir='ltr'>esse</span> <span class='ocrx_word' id='word_1_76' title='bbox 911 1147 1019 1230; x_wconf 86' lang='lat' dir='ltr'>optime</span> <span class='ocrx_word' id='word_1_77' title='bbox 1028 1144 1119 1228; x_wconf 91' lang='lat' dir='ltr'>ipsius</span> <span class='ocrx_word' id='word_1_78' title='bbox 1128 1141 1289 1206; x_wconf 90' lang='lat' dir='ltr'>rationibus</span> 
     </span>
     <span class='ocr_line' id='line_1_9' title="bbox 121 1268 1331 1342; baseline 0.001 -21"><span class='ocrx_word' id='word_1_79' title='bbox 121 1268 346 1342; x_wconf 85' lang='lat' dir='ltr'>prospecturum.</span> <span class='ocrx_word' id='word_1_80' title='bbox 1324 1309 1331 1322; x_wconf 95' lang='lat'>.</span> 
     </span>
     <span class='ocr_line' id='line_1_10' title="bbox 210 1355 1287 1452; baseline -0.009 -24"><span class='ocrx_word' id='word_1_81' title='bbox 210 1386 241 1430; x_wconf 84' lang='lat' dir='ltr'>v.</span> <span class='ocrx_word' id='word_1_82' title='bbox 256 1367 286 1430; x_wconf 83' lang='lat'>9.</span> <span class='ocrx_word' id='word_1_83' title='bbox 302 1363 406 1430; x_wconf 81' lang='grc' dir='ltr'><strong>Πίστει</strong></span> <span class='ocrx_word' id='word_1_84' title='bbox 425 1368 613 1449; x_wconf 77' lang='grc' dir='ltr'>’παρῴκησεν</span> <span class='ocrx_word' id='word_1_85' title='bbox 628 1361 670 1438; x_wconf 85' lang='grc' dir='ltr'><strong>είς</strong></span> <span class='ocrx_word' id='word_1_86' title='bbox 692 1368 745 1451; x_wconf 71' lang='grc' dir='ltr'>τὴν</span> <span class='ocrx_word' id='word_1_87' title='bbox 767 1375 822 1450; x_wconf 78' lang='grc' dir='ltr'>γῆν</span> <span class='ocrx_word' id='word_1_88' title='bbox 844 1375 898 1452; x_wconf 80' lang='grc' dir='ltr'><strong>τῆς</strong></span> <span class='ocrx_word' id='word_1_89' title='bbox 921 1361 1101 1445; x_wconf 76' lang='grc' dir='ltr'><strong>ἐπαγγελίας</strong></span> <span class='ocrx_word' id='word_1_90' title='bbox 1124 1357 1165 1434; x_wconf 83' lang='grc' dir='ltr'><strong>ὡς</strong></span> <span class='ocrx_word' id='word_1_91' title='bbox 1188 1355 1287 1421; x_wconf 84' lang='grc' dir='ltr'><strong>ἀλλο-</strong></span> 
     </span>
     <span class='ocr_line' id='line_1_11' title="bbox 120 1459 1285 1558; baseline -0.011 -19"><span class='ocrx_word' id='word_1_92' title='bbox 120 1478 213 1558; x_wconf 90' lang='grc' dir='ltr'><strong>τρίαν,</strong></span> <span class='ocrx_word' id='word_1_93' title='bbox 230 1459 261 1538; x_wconf 81' lang='grc' dir='ltr'>ἐν</span> <span class='ocrx_word' id='word_1_94' title='bbox 277 1481 401 1558; x_wconf 80' lang='grc' dir='ltr'><strong>σκηναῖς</strong></span> <span class='ocrx_word' id='word_1_95' title='bbox 423 1477 609 1558; x_wconf 75' lang='grc' dir='ltr'><strong>κατοικήσας</strong></span> <span class='ocrx_word' id='word_1_96' title='bbox 632 1473 707 1558; x_wconf 82' lang='grc' dir='ltr'><strong>μετὰ</strong></span> <span class='ocrx_word' id='word_1_97' title='bbox 730 1465 838 1534; x_wconf 82' lang='grc' dir='ltr'><strong>Ἰσαὰκ</strong></span> <span class='ocrx_word' id='word_1_98' title='bbox 860 1472 912 1534; x_wconf 83' lang='grc' dir='ltr'>καὶ</span> <span class='ocrx_word' id='word_1_99' title='bbox 931 1464 1053 1551; x_wconf 85' lang='grc' dir='ltr'><strong>Ἰακὼβ,</strong></span> <span class='ocrx_word' id='word_1_100' title='bbox 1069 1479 1126 1532; x_wconf 85' lang='grc' dir='ltr'>τῶν</span> <span class='ocrx_word' id='word_1_101' title='bbox 1149 1465 1285 1549; x_wconf 83' lang='grc' dir='ltr'><strong>συγκλη-</strong></span> 
     </span>
     <span class='ocr_line' id='line_1_12' title="bbox 119 1571 1287 1668; baseline -0.011 -24"><span class='ocrx_word' id='word_1_102' title='bbox 119 1584 254 1665; x_wconf 80' lang='grc' dir='ltr'><strong>ρονόμοιν</strong></span> <span class='ocrx_word' id='word_1_103' title='bbox 276 1591 331 1668; x_wconf 72' lang='grc' dir='ltr'><strong>τῆς</strong></span> <span class='ocrx_word' id='word_1_104' title='bbox 346 1576 525 1660; x_wconf 71' lang='grc' dir='ltr'><strong>ἐπαγγελίας</strong></span> <span class='ocrx_word' id='word_1_105' title='bbox 541 1589 595 1668; x_wconf 76' lang='grc' dir='ltr'><strong>τῆς</strong></span> <span class='ocrx_word' id='word_1_106' title='bbox 611 1573 713 1666; x_wconf 73' lang='grc' dir='ltr'><strong>αὐτῆς.</strong></span> <span class='ocrx_word' id='word_1_107' title='bbox 728 1611 772 1620; x_wconf 92' lang='grc'>-</span> <span class='ocrx_word' id='word_1_108' title='bbox 784 1573 944 1660; x_wconf 88' lang='grc' dir='ltr'><strong>Παροικεῖν</strong></span> <span class='ocrx_word' id='word_1_109' title='bbox 959 1585 1005 1636; x_wconf 89' lang='lat' dir='ltr'>est</span> <span class='ocrx_word' id='word_1_110' title='bbox 1019 1571 1201 1656; x_wconf 89' lang='lat' dir='ltr'>peregrinari,</span> <span class='ocrx_word' id='word_1_111' title='bbox 1218 1579 1287 1632; x_wconf 90' lang='lat' dir='ltr'>tan-</span> 
     </span>
     <span class='ocr_line' id='line_1_13' title="bbox 119 1676 1284 1770; baseline -0.006 -22"><span class='ocrx_word' id='word_1_112' title='bbox 119 1705 209 1766; x_wconf 90' lang='lat' dir='ltr'>quam</span> <span class='ocrx_word' id='word_1_113' title='bbox 224 1686 338 1746; x_wconf 89' lang='lat' dir='ltr'>advena</span> <span class='ocrx_word' id='word_1_114' title='bbox 353 1693 384 1746; x_wconf 88' lang='lat' dir='ltr'>et</span> <span class='ocrx_word' id='word_1_115' title='bbox 396 1683 563 1765; x_wconf 87' lang='lat' dir='ltr'>peregrinus</span> <span class='ocrx_word' id='word_1_116' title='bbox 577 1682 720 1752; x_wconf 77' lang='lat' dir='ltr'>habitare,</span> <span class='ocrx_word' id='word_1_117' title='bbox 736 1718 778 1730; x_wconf 90' lang='lat'>-</span> <span class='ocrx_word' id='word_1_118' title='bbox 793 1683 910 1744; x_wconf 90' lang='lat' dir='ltr'>Verba:</span> <span class='ocrx_word' id='word_1_119' title='bbox 926 1679 968 1757; x_wconf 80' lang='grc' dir='ltr'><strong>εἰς</strong></span> <span class='ocrx_word' id='word_1_120' title='bbox 983 1686 1036 1769; x_wconf 64' lang='grc' dir='ltr'>τὴν</span> <span class='ocrx_word' id='word_1_121' title='bbox 1051 1692 1106 1770; x_wconf 77' lang='grc' dir='ltr'>γῆν</span> <span class='ocrx_word' id='word_1_122' title='bbox 1122 1691 1177 1766; x_wconf 78' lang='grc' dir='ltr'><strong>τῆς</strong></span> <span class='ocrx_word' id='word_1_123' title='bbox 1191 1676 1284 1758; x_wconf 82' lang='grc' dir='ltr'><strong>ἐπαγ-</strong></span> 
     </span>
     <span class='ocr_line' id='line_1_14' title="bbox 120 1783 1283 1874; baseline -0.01 -18"><span class='ocrx_word' id='word_1_124' title='bbox 120 1796 223 1874; x_wconf 87' lang='grc' dir='ltr'><strong>γελίας</strong></span> <span class='ocrx_word' id='word_1_125' title='bbox 240 1791 283 1865; x_wconf 77' lang='grc' dir='ltr'><strong>ὣς</strong></span> <span class='ocrx_word' id='word_1_126' title='bbox 298 1791 463 1874; x_wconf 85' lang='grc' dir='ltr'><strong>ἀλλοτρίαν</strong></span> <span class='ocrx_word' id='word_1_127' title='bbox 478 1791 516 1852; x_wconf 85' lang='lat' dir='ltr'>ad</span> <span class='ocrx_word' id='word_1_128' title='bbox 532 1790 662 1852; x_wconf 90' lang='lat' dir='ltr'>animum</span> <span class='ocrx_word' id='word_1_129' title='bbox 677 1789 819 1852; x_wconf 87' lang='lat' dir='ltr'>Abrahae</span> <span class='ocrx_word' id='word_1_130' title='bbox 833 1790 981 1850; x_wconf 88' lang='lat' dir='ltr'>referenda</span> <span class='ocrx_word' id='word_1_131' title='bbox 996 1796 1079 1861; x_wconf 91' lang='lat' dir='ltr'>sunt;</span> <span class='ocrx_word' id='word_1_132' title='bbox 1105 1804 1173 1846; x_wconf 90' lang='lat' dir='ltr'>nam</span> <span class='ocrx_word' id='word_1_133' title='bbox 1182 1783 1283 1846; x_wconf 91' lang='lat' dir='ltr'>Abra-</span> 
     </span>
     <span class='ocr_line' id='line_1_15' title="bbox 117 1881 1284 1978; baseline -0.009 -17"><span class='ocrx_word' id='word_1_134' title='bbox 117 1899 188 1962; x_wconf 87' lang='lat' dir='ltr'>ham</span> <span class='ocrx_word' id='word_1_135' title='bbox 203 1897 247 1959; x_wconf 86' lang='lat' dir='ltr'>ita</span> <span class='ocrx_word' id='word_1_136' title='bbox 261 1906 324 1958; x_wconf 90' lang='lat' dir='ltr'>erat</span> <span class='ocrx_word' id='word_1_137' title='bbox 338 1898 453 1958; x_wconf 85' lang='lat' dir='ltr'>advena</span> <span class='ocrx_word' id='word_1_138' title='bbox 469 1896 498 1957; x_wconf 94' lang='lat' dir='ltr'>in</span> <span class='ocrx_word' id='word_1_139' title='bbox 513 1881 591 1958; x_wconf 77' lang='lat' dir='ltr'>lerra</span> <span class='ocrx_word' id='word_1_140' title='bbox 605 1896 756 1978; x_wconf 75' lang='lat' dir='ltr'>promissa,</span> <span class='ocrx_word' id='word_1_141' title='bbox 772 1905 805 1957; x_wconf 92' lang='lat' dir='ltr'>ut</span> <span class='ocrx_word' id='word_1_142' title='bbox 819 1895 910 1957; x_wconf 90' lang='lat' dir='ltr'>etiam</span> <span class='ocrx_word' id='word_1_143' title='bbox 925 1893 1022 1956; x_wconf 90' lang='lat' dir='ltr'>animo</span> <span class='ocrx_word' id='word_1_144' title='bbox 1048 1912 1109 1956; x_wconf 89' lang='lat' dir='ltr'>sese</span> <span class='ocrx_word' id='word_1_145' title='bbox 1121 1891 1222 1968; x_wconf 85' lang='lat' dir='ltr'>¹talem</span> <span class='ocrx_word' id='word_1_146' title='bbox 1237 1907 1284 1950; x_wconf 91' lang='lat' dir='ltr'>re-</span> 
     </span>
     <span class='ocr_line' id='line_1_16' title="bbox 121 1989 1285 2085; baseline -0.009 -19"><span class='ocrx_word' id='word_1_147' title='bbox 121 2012 247 2085; x_wconf 68' lang='lat' dir='ltr'>putaret,</span> <span class='ocrx_word' id='word_1_148' title='bbox 263 2012 348 2066; x_wconf 85' lang='lat' dir='ltr'>utens</span> <span class='ocrx_word' id='word_1_149' title='bbox 362 2003 416 2064; x_wconf 89' lang='lat' dir='ltr'>illa</span> <span class='ocrx_word' id='word_1_150' title='bbox 430 2012 508 2064; x_wconf 88' lang='lat' dir='ltr'>terra</span> <span class='ocrx_word' id='word_1_151' title='bbox 516 2003 765 2084; x_wconf 88' lang='lat' dir='ltr'>tanquamaliena</span> <span class='ocrx_word' id='word_1_152' title='bbox 780 2022 832 2065; x_wconf 91' lang='lat' dir='ltr'>nec</span> <span class='ocrx_word' id='word_1_153' title='bbox 847 1989 992 2084; x_wconf 77' lang='lat' dir='ltr'>propriam</span> <span class='ocrx_word' id='word_1_154' title='bbox 1002 2001 1110 2062; x_wconf 87' lang='lat' dir='ltr'>habere</span> <span class='ocrx_word' id='word_1_155' title='bbox 1120 1996 1285 2059; x_wconf 88' lang='lat' dir='ltr'>desiderans</span> 
     </span>
     <span class='ocr_line' id='line_1_17' title="bbox 122 2105 1287 2196; baseline -0.008 -24"><span class='ocrx_word' id='word_1_156' title='bbox 122 2105 276 2194; x_wconf 81' lang='lat' dir='ltr'>(Estius).</span> <span class='ocrx_word' id='word_1_157' title='bbox 291 2145 333 2156; x_wconf 91' lang='lat'><em>-</em></span> <span class='ocrx_word' id='word_1_158' title='bbox 352 2115 428 2196; x_wconf 78' lang='grc' dir='ltr'><strong>μετά</strong></span> <span class='ocrx_word' id='word_1_159' title='bbox 450 2109 479 2174; x_wconf 91' lang='lat' dir='ltr'>h.</span> <span class='ocrx_word' id='word_1_160' title='bbox 493 2109 513 2170; x_wconf 91' lang='lat' dir='ltr'>l.</span> <span class='ocrx_word' id='word_1_161' title='bbox 528 2108 737 2190; x_wconf 86' lang='lat' dir='ltr'>aequalitatem</span> <span class='ocrx_word' id='word_1_162' title='bbox 752 2108 1037 2188; x_wconf 91' lang='lat' dir='ltr'>communionemque</span> <span class='ocrx_word' id='word_1_163' title='bbox 1058 2114 1120 2167; x_wconf 89' lang='lat' dir='ltr'>turn</span> <span class='ocrx_word' id='word_1_164' title='bbox 1136 2106 1287 2176; x_wconf 84' lang='lat' dir='ltr'>factorum,</span> 
     </span>
     <span class='ocr_line' id='line_1_18' title="bbox 120 2207 1283 2298; baseline -0.008 -20"><span class='ocrx_word' id='word_1_165' title='bbox 120 2227 183 2278; x_wconf 90' lang='lat' dir='ltr'>tum</span> <span class='ocrx_word' id='word_1_166' title='bbox 198 2214 288 2286; x_wconf 88' lang='lat' dir='ltr'>animi</span> <span class='ocrx_word' id='word_1_167' title='bbox 309 2215 444 2295; x_wconf 83' lang='lat' dir='ltr'>religiosi,</span> <span class='ocrx_word' id='word_1_168' title='bbox 467 2217 541 2278; x_wconf 91' lang='lat' dir='ltr'>nude</span> <span class='ocrx_word' id='word_1_169' title='bbox 565 2217 637 2278; x_wconf 89' lang='lat' dir='ltr'>haec</span> <span class='ocrx_word' id='word_1_170' title='bbox 659 2217 788 2298; x_wconf 84' lang='lat' dir='ltr'>profecta</span> <span class='ocrx_word' id='word_1_171' title='bbox 803 2215 870 2289; x_wconf 92' lang='lat' dir='ltr'>sint,</span> <span class='ocrx_word' id='word_1_172' title='bbox 885 2234 942 2276; x_wconf 95' lang='lat' dir='ltr'>non</span> <span class='ocrx_word' id='word_1_173' title='bbox 957 2231 1025 2276; x_wconf 89' lang='lat' dir='ltr'>vero</span> <span class='ocrx_word' id='word_1_174' title='bbox 1040 2211 1179 2294; x_wconf 89' lang='lat' dir='ltr'>temporis</span> <span class='ocrx_word' id='word_1_175' title='bbox 1194 2207 1283 2290; x_wconf 88' lang='lat' dir='ltr'>signi-</span> 
     </span>
     <span class='ocr_line' id='line_1_19' title="bbox 115 2318 1284 2408; baseline -0.006 -24"><span class='ocrx_word' id='word_1_176' title='bbox 115 2323 198 2397; x_wconf 87' lang='lat' dir='ltr'>ficat;</span> <span class='ocrx_word' id='word_1_177' title='bbox 221 2331 250 2383; x_wconf 91' lang='lat' dir='ltr'>et</span> <span class='ocrx_word' id='word_1_178' title='bbox 265 2324 369 2385; x_wconf 90' lang='lat' dir='ltr'>verba:</span> <span class='ocrx_word' id='word_1_179' title='bbox 386 2326 461 2408; x_wconf 77' lang='grc' dir='ltr'><strong>μετὰ</strong></span> <span class='ocrx_word' id='word_1_180' title='bbox 477 2318 584 2388; x_wconf 87' lang='grc' dir='ltr'><strong>Ἰσαὰκ</strong></span> <span class='ocrx_word' id='word_1_181' title='bbox 598 2328 650 2390; x_wconf 89' lang='grc' dir='ltr'>καὶ</span> <span class='ocrx_word' id='word_1_182' title='bbox 660 2319 772 2407; x_wconf 78' lang='grc' dir='ltr'><strong>Ἰακώβ</strong></span> <span class='ocrx_word' id='word_1_183' title='bbox 789 2324 827 2384; x_wconf 91' lang='lat' dir='ltr'>ad</span> <span class='ocrx_word' id='word_1_184' title='bbox 842 2321 948 2396; x_wconf 89' lang='lat' dir='ltr'>omnia,</span> <span class='ocrx_word' id='word_1_185' title='bbox 963 2340 1037 2403; x_wconf 88' lang='lat' dir='ltr'>qnae</span> <span class='ocrx_word' id='word_1_186' title='bbox 1053 2324 1284 2404; x_wconf 88' lang='lat' dir='ltr'>praecesserunt:</span> 
     </span>
     <span class='ocr_line' id='line_1_20' title="bbox 115 2429 701 2517; baseline 0 -23"><span class='ocrx_word' id='word_1_187' title='bbox 115 2434 260 2494; x_wconf 85' lang='grc' dir='ltr'><strong>πίστει...</strong></span> <span class='ocrx_word' id='word_1_188' title='bbox 276 2436 462 2517; x_wconf 77' lang='grc' dir='ltr'><strong>κατοικήσας</strong></span> <span class='ocrx_word' id='word_1_189' title='bbox 477 2429 573 2490; x_wconf 84' lang='lat' dir='ltr'>referri</span> <span class='ocrx_word' id='word_1_190' title='bbox 587 2431 701 2494; x_wconf 83' lang='lat' dir='ltr'>debent</span> 
     </span>
    </p>

    <p class='ocr_par' dir='ltr' id='par_1_3' title="bbox 112 2532 1283 4000">
     <span class='ocr_line' id='line_1_21' title="bbox 205 2532 1281 2624; baseline -0.001 -29"><span class='ocrx_word' id='word_1_191' title='bbox 205 2556 235 2598; x_wconf 89' lang='lat' dir='ltr'>v.</span> <span class='ocrx_word' id='word_1_192' title='bbox 253 2537 303 2602; x_wconf 90' lang='lat'>10.</span> <span class='ocrx_word' id='word_1_193' title='bbox 319 2532 496 2621; x_wconf 72' lang='grc' dir='ltr'><strong>Ἐξεδέχετο</strong></span> <span class='ocrx_word' id='word_1_194' title='bbox 512 2538 570 2620; x_wconf 88' lang='grc' dir='ltr'>γὰρ</span> <span class='ocrx_word' id='word_1_195' title='bbox 586 2541 639 2624; x_wconf 62' lang='grc' dir='ltr'>τὴν</span> <span class='ocrx_word' id='word_1_196' title='bbox 655 2538 725 2610; x_wconf 79' lang='grc' dir='ltr'><strong>τοὺς</strong></span> <span class='ocrx_word' id='word_1_197' title='bbox 735 2536 1145 2623; x_wconf 74' lang='grc' dir='ltr'><strong>θεμελίοοςέχοοσανπόλιν,</strong></span> <span class='ocrx_word' id='word_1_198' title='bbox 1162 2532 1281 2621; x_wconf 73' lang='grc' dir='ltr'><strong>ήςτεχ-</strong></span> 
     </span>
     <span class='ocr_line' id='line_1_22' title="bbox 114 2639 1282 2730; baseline -0.007 -24"><span class='ocrx_word' id='word_1_199' title='bbox 114 2648 196 2730; x_wconf 76' lang='grc' dir='ltr'><strong>νίτιγς</strong></span> <span class='ocrx_word' id='word_1_200' title='bbox 212 2645 264 2706; x_wconf 88' lang='grc' dir='ltr'>καὶ</span> <span class='ocrx_word' id='word_1_201' title='bbox 280 2643 462 2728; x_wconf 80' lang='grc' dir='ltr'><strong>δημιουργὸς</strong></span> <span class='ocrx_word' id='word_1_202' title='bbox 477 2639 494 2706; x_wconf 89' lang='grc' dir='ltr'>ὁ</span> <span class='ocrx_word' id='word_1_203' title='bbox 510 2639 594 2718; x_wconf 88' lang='grc' dir='ltr'><strong>Θεός.</strong></span> <span class='ocrx_word' id='word_1_204' title='bbox 613 2677 655 2688; x_wconf 94' lang='grc'>-</span> <span class='ocrx_word' id='word_1_205' title='bbox 672 2642 782 2706; x_wconf 91' lang='lat' dir='ltr'>Verbis</span> <span class='ocrx_word' id='word_1_206' title='bbox 797 2642 884 2704; x_wconf 90' lang='lat' dir='ltr'>huius</span> <span class='ocrx_word' id='word_1_207' title='bbox 900 2658 1000 2704; x_wconf 85' lang='lat' dir='ltr'>versus</span> <span class='ocrx_word' id='word_1_208' title='bbox 1015 2640 1192 2722; x_wconf 86' lang='lat' dir='ltr'>significatur</span> <span class='ocrx_word' id='word_1_209' title='bbox 1205 2640 1282 2710; x_wconf 91' lang='lat' dir='ltr'>urbs,</span> 
     </span>
     <span class='ocr_line' id='line_1_23' title="bbox 118 2742 1283 2835; baseline -0.001 -23"><span class='ocrx_word' id='word_1_210' title='bbox 118 2748 200 2812; x_wconf 88' lang='lat' dir='ltr'>cuins</span> <span class='ocrx_word' id='word_1_211' title='bbox 215 2749 405 2810; x_wconf 86' lang='lat' dir='ltr'>fundamenta</span> <span class='ocrx_word' id='word_1_212' title='bbox 420 2768 476 2810; x_wconf 94' lang='lat' dir='ltr'>non</span> <span class='ocrx_word' id='word_1_213' title='bbox 493 2757 615 2831; x_wconf 84' lang='lat' dir='ltr'>possunt</span> <span class='ocrx_word' id='word_1_214' title='bbox 630 2749 752 2828; x_wconf 84' lang='lat' dir='ltr'>moveri3</span> <span class='ocrx_word' id='word_1_215' title='bbox 777 2748 933 2829; x_wconf 90' lang='lat' dir='ltr'>opponitur</span> <span class='ocrx_word' id='word_1_216' title='bbox 953 2760 1018 2822; x_wconf 88' lang='grc' dir='ltr'><strong>ταῖς</strong></span> <span class='ocrx_word' id='word_1_217' title='bbox 1033 2754 1158 2835; x_wconf 83' lang='grc' dir='ltr'><strong>σκηναῖς</strong></span> <span class='ocrx_word' id='word_1_218' title='bbox 1173 2748 1212 2830; x_wconf 85' lang='grc' dir='ltr'>(ν.</span> <span class='ocrx_word' id='word_1_219' title='bbox 1229 2742 1283 2829; x_wconf 83' lang='grc'>9.),</span> 
     </span>
     <span class='ocr_line' id='line_1_24' title="bbox 115 2853 1282 2936; baseline -0.003 -20"><span class='ocrx_word' id='word_1_220' title='bbox 115 2874 191 2936; x_wconf 86' lang='lat' dir='ltr'>quac</span> <span class='ocrx_word' id='word_1_221' title='bbox 206 2873 264 2916; x_wconf 92' lang='lat' dir='ltr'>non</span> <span class='ocrx_word' id='word_1_222' title='bbox 279 2863 348 2914; x_wconf 86' lang='lat' dir='ltr'>sunt</span> <span class='ocrx_word' id='word_1_223' title='bbox 361 2854 491 2928; x_wconf 89' lang='lat' dir='ltr'>stabiles,</span> <span class='ocrx_word' id='word_1_224' title='bbox 507 2857 556 2916; x_wconf 90' lang='lat' dir='ltr'>sed</span> <span class='ocrx_word' id='word_1_225' title='bbox 572 2856 629 2918; x_wconf 89' lang='lat' dir='ltr'>hnc</span> <span class='ocrx_word' id='word_1_226' title='bbox 650 2855 720 2918; x_wconf 90' lang='lat' dir='ltr'>illuc</span> <span class='ocrx_word' id='word_1_227' title='bbox 741 2856 960 2917; x_wconf 87' lang='lat' dir='ltr'>transferuntur.</span> <span class='ocrx_word' id='word_1_228' title='bbox 991 2853 1162 2935; x_wconf 84' lang='lat' dir='ltr'>Designavit</span> <span class='ocrx_word' id='word_1_229' title='bbox 1183 2861 1282 2914; x_wconf 91' lang='lat' dir='ltr'>antem</span> 
     </span>
     <span class='ocr_line' id='line_1_25' title="bbox 114 2959 1281 3046; baseline -0.002 -24"><span class='ocrx_word' id='word_1_230' title='bbox 114 2960 266 3042; x_wconf 90' lang='lat' dir='ltr'>apostolus</span> <span class='ocrx_word' id='word_1_231' title='bbox 288 2959 403 3020; x_wconf 91' lang='lat' dir='ltr'>nomine</span> <span class='ocrx_word' id='word_1_232' title='bbox 424 2964 512 3036; x_wconf 84' lang='grc' dir='ltr'><strong>πόλις</strong></span> <span class='ocrx_word' id='word_1_233' title='bbox 540 2962 801 3046; x_wconf 76' lang='lat' dir='ltr'>Hierosolymam</span> <span class='ocrx_word' id='word_1_234' title='bbox 824 2960 988 3035; x_wconf 73' lang='lat' dir='ltr'>coelestem,</span> <span class='ocrx_word' id='word_1_235' title='bbox 1017 2981 1105 3042; x_wconf 92' lang='lat' dir='ltr'>qnam</span> <span class='ocrx_word' id='word_1_236' title='bbox 1134 2960 1207 3024; x_wconf 87' lang='lat' dir='ltr'>XII.</span> <span class='ocrx_word' id='word_1_237' title='bbox 1229 2959 1281 3024; x_wconf 80' lang='lat'>22.</span> 
     </span>
     <span class='ocr_line' id='line_1_26' title="bbox 117 3063 1282 3156; baseline -0.003 -26"><span class='ocrx_word' id='word_1_238' title='bbox 117 3063 322 3156; x_wconf 75' lang='grc' dir='ltr'><strong>Ἰερουσαλὴμ</strong></span> <span class='ocrx_word' id='word_1_239' title='bbox 343 3064 528 3152; x_wconf 81' lang='grc' dir='ltr'><strong>ἐποοράνιον,</strong></span> <span class='ocrx_word' id='word_1_240' title='bbox 543 3067 631 3132; x_wconf 83' lang='grc' dir='ltr'><strong>ΧΙΙΙ.</strong></span> <span class='ocrx_word' id='word_1_241' title='bbox 650 3068 701 3135; x_wconf 88' lang='lat'>14.</span> <span class='ocrx_word' id='word_1_242' title='bbox 721 3071 807 3134; x_wconf 84' lang='grc' dir='ltr'><strong>πόλιν</strong></span> <span class='ocrx_word' id='word_1_243' title='bbox 824 3069 997 3154; x_wconf 73' lang='grc' dir='ltr'><strong>μέλλουσαν</strong></span> <span class='ocrx_word' id='word_1_244' title='bbox 1020 3068 1096 3142; x_wconf 86' lang='lat' dir='ltr'>dicit,</span> <span class='ocrx_word' id='word_1_245' title='bbox 1120 3077 1150 3128; x_wconf 91' lang='lat' dir='ltr'>et</span> <span class='ocrx_word' id='word_1_246' title='bbox 1164 3085 1241 3148; x_wconf 89' lang='lat' dir='ltr'>quac</span> <span class='ocrx_word' id='word_1_247' title='bbox 1256 3065 1282 3126; x_wconf 92' lang='lat' dir='ltr'>ei</span> 
     </span>
     <span class='ocr_line' id='line_1_27' title="bbox 114 3172 1280 3258; baseline -0.003 -22"><span class='ocrx_word' id='word_1_248' title='bbox 114 3174 213 3254; x_wconf 89' lang='lat' dir='ltr'>imago</span> <span class='ocrx_word' id='word_1_249' title='bbox 229 3182 275 3234; x_wconf 91' lang='lat' dir='ltr'>est</span> <span class='ocrx_word' id='word_1_250' title='bbox 289 3192 420 3235; x_wconf 88' lang='lat' dir='ltr'>summae</span> <span class='ocrx_word' id='word_1_251' title='bbox 442 3173 588 3236; x_wconf 84' lang='lat' dir='ltr'>felicitatis</span> <span class='ocrx_word' id='word_1_252' title='bbox 611 3174 641 3236; x_wconf 94' lang='lat' dir='ltr'>in</span> <span class='ocrx_word' id='word_1_253' title='bbox 663 3175 742 3237; x_wconf 90' lang='lat' dir='ltr'>coelo</span> <span class='ocrx_word' id='word_1_254' title='bbox 764 3176 984 3258; x_wconf 80' lang='lat' dir='ltr'>exspectandae.</span> <span class='ocrx_word' id='word_1_255' title='bbox 1014 3173 1121 3236; x_wconf 88' lang='lat' dir='ltr'>Judaei</span> <span class='ocrx_word' id='word_1_256' title='bbox 1143 3172 1220 3234; x_wconf 89' lang='lat' dir='ltr'>enim</span> <span class='ocrx_word' id='word_1_257' title='bbox 1242 3173 1280 3232; x_wconf 86' lang='lat' dir='ltr'>ad</span> 
     </span>
     <span class='ocr_line' id='line_1_28' title="bbox 119 3277 1282 3364; baseline -0.003 -22"><span class='ocrx_word' id='word_1_258' title='bbox 119 3279 342 3342; x_wconf 88' lang='lat' dir='ltr'>describendam</span> <span class='ocrx_word' id='word_1_259' title='bbox 368 3281 539 3342; x_wconf 87' lang='lat' dir='ltr'>beatitatem</span> <span class='ocrx_word' id='word_1_260' title='bbox 555 3281 584 3341; x_wconf 93' lang='lat' dir='ltr'>in</span> <span class='ocrx_word' id='word_1_261' title='bbox 609 3298 696 3361; x_wconf 92' lang='lat' dir='ltr'>regno</span> <span class='ocrx_word' id='word_1_262' title='bbox 711 3281 859 3344; x_wconf 92' lang='lat' dir='ltr'>Messiano</span> <span class='ocrx_word' id='word_1_263' title='bbox 883 3283 1109 3364; x_wconf 84' lang='lat' dir='ltr'>exspectandam</span> <span class='ocrx_word' id='word_1_264' title='bbox 1138 3279 1181 3340; x_wconf 92' lang='lat' dir='ltr'>uti</span> <span class='ocrx_word' id='word_1_265' title='bbox 1205 3277 1282 3342; x_wconf 90' lang='lat' dir='ltr'>sole-</span> 
     </span>
     <span class='ocr_line' id='line_1_29' title="bbox 117 3385 1283 3468; baseline -0.002 -21"><span class='ocrx_word' id='word_1_266' title='bbox 117 3387 192 3448; x_wconf 88' lang='lat' dir='ltr'>bant</span> <span class='ocrx_word' id='word_1_267' title='bbox 214 3385 389 3466; x_wconf 89' lang='lat' dir='ltr'>imaginibus</span> <span class='ocrx_word' id='word_1_268' title='bbox 413 3406 431 3446; x_wconf 88' lang='lat' dir='ltr'>a</span> <span class='ocrx_word' id='word_1_269' title='bbox 450 3386 625 3468; x_wconf 89' lang='lat' dir='ltr'>reipublicae</span> <span class='ocrx_word' id='word_1_270' title='bbox 647 3387 777 3450; x_wconf 88' lang='lat' dir='ltr'>iudaicae</span> <span class='ocrx_word' id='word_1_271' title='bbox 801 3396 881 3450; x_wconf 89' lang='lat' dir='ltr'>statu</span> <span class='ocrx_word' id='word_1_272' title='bbox 911 3387 1112 3452; x_wconf 88' lang='lat' dir='ltr'>florentissimo</span> <span class='ocrx_word' id='word_1_273' title='bbox 1135 3385 1283 3459; x_wconf 89' lang='lat' dir='ltr'>desumtis,</span> 
     </span>
     <span class='ocr_line' id='line_1_30' title="bbox 116 3493 1280 3578; baseline 0.002 -26"><span class='ocrx_word' id='word_1_274' title='bbox 116 3493 246 3572; x_wconf 91' lang='lat' dir='ltr'>adeoque</span> <span class='ocrx_word' id='word_1_275' title='bbox 262 3495 416 3574; x_wconf 85' lang='lat' dir='ltr'>putabant,</span> <span class='ocrx_word' id='word_1_276' title='bbox 430 3494 460 3554; x_wconf 94' lang='lat' dir='ltr'>in</span> <span class='ocrx_word' id='word_1_277' title='bbox 475 3493 562 3556; x_wconf 89' lang='lat' dir='ltr'>coelis</span> <span class='ocrx_word' id='word_1_278' title='bbox 576 3513 638 3554; x_wconf 90' lang='lat' dir='ltr'>esse</span> <span class='ocrx_word' id='word_1_279' title='bbox 658 3495 758 3556; x_wconf 90' lang='lat' dir='ltr'>urbem</span> <span class='ocrx_word' id='word_1_280' title='bbox 783 3493 907 3556; x_wconf 85' lang='lat' dir='ltr'>similem</span> <span class='ocrx_word' id='word_1_281' title='bbox 929 3495 1159 3578; x_wconf 87' lang='lat' dir='ltr'>Hierosolymae‚</span> <span class='ocrx_word' id='word_1_282' title='bbox 1182 3513 1280 3575; x_wconf 88' lang='lat' dir='ltr'>quarn,</span> 
     </span>
     <span class='ocr_line' id='line_1_31' title="bbox 115 3597 1281 3682; baseline 0.002 -24"><span class='ocrx_word' id='word_1_283' title='bbox 115 3597 166 3658; x_wconf 94' lang='lat' dir='ltr'>ubi</span> <span class='ocrx_word' id='word_1_284' title='bbox 181 3615 300 3678; x_wconf 87' lang='lat' dir='ltr'>regnum</span> <span class='ocrx_word' id='word_1_285' title='bbox 317 3598 442 3660; x_wconf 82' lang='lat' dir='ltr'>Messias</span> <span class='ocrx_word' id='word_1_286' title='bbox 457 3608 601 3661; x_wconf 89' lang='lat' dir='ltr'>terrenum</span> <span class='ocrx_word' id='word_1_287' title='bbox 616 3599 731 3662; x_wconf 90' lang='lat' dir='ltr'>initium</span> <span class='ocrx_word' id='word_1_288' title='bbox 746 3601 876 3682; x_wconf 69' lang='lat' dir='ltr'>cepisset</span> <span class='ocrx_word' id='word_1_289' title='bbox 892 3602 921 3662; x_wconf 93' lang='lat' dir='ltr'>in</span> <span class='ocrx_word' id='word_1_290' title='bbox 938 3603 993 3664; x_wconf 86' lang='lat' dir='ltr'>has</span> <span class='ocrx_word' id='word_1_291' title='bbox 1007 3611 1108 3676; x_wconf 82' lang='lat' dir='ltr'>terras,</span> <span class='ocrx_word' id='word_1_292' title='bbox 1131 3600 1161 3662; x_wconf 94' lang='lat' dir='ltr'>in</span> <span class='ocrx_word' id='word_1_293' title='bbox 1177 3599 1281 3662; x_wconf 90' lang='lat' dir='ltr'>melius</span> 
     </span>
     <span class='ocr_line' id='line_1_32' title="bbox 114 3704 1280 3790; baseline 0.002 -26"><span class='ocrx_word' id='word_1_294' title='bbox 114 3713 254 3777; x_wconf 91' lang='lat' dir='ltr'>mutatas,</span> <span class='ocrx_word' id='word_1_295' title='bbox 270 3704 426 3766; x_wconf 89' lang='lat' dir='ltr'>demissum</span> <span class='ocrx_word' id='word_1_296' title='bbox 448 3705 482 3768; x_wconf 92' lang='lat' dir='ltr'>iri</span> <span class='ocrx_word' id='word_1_297' title='bbox 507 3704 757 3790; x_wconf 76' lang='lat' dir='ltr'>existimabant.²)</span> <span class='ocrx_word' id='word_1_298' title='bbox 787 3706 838 3770; x_wconf 89' lang='lat' dir='ltr'>Ad</span> <span class='ocrx_word' id='word_1_299' title='bbox 854 3709 909 3769; x_wconf 87' lang='lat' dir='ltr'>has</span> <span class='ocrx_word' id='word_1_300' title='bbox 930 3708 1109 3770; x_wconf 89' lang='lat' dir='ltr'>Judaeornm</span> <span class='ocrx_word' id='word_1_301' title='bbox 1131 3707 1280 3789; x_wconf 90' lang='lat' dir='ltr'>opiniones</span> 
     </span>
     <span class='ocr_line' id='line_1_33' title="bbox 113 3797 1279 3893; baseline 0.002 -23"><span class='ocrx_word' id='word_1_302' title='bbox 113 3812 298 3872; x_wconf 89' lang='lat' dir='ltr'>accomodate</span> <span class='ocrx_word' id='word_1_303' title='bbox 313 3812 463 3892; x_wconf 88' lang='lat' dir='ltr'>apostolus</span> <span class='ocrx_word' id='word_1_304' title='bbox 478 3813 599 3893; x_wconf 67' lang='lat' dir='ltr'>scripsit,</span> <span class='ocrx_word' id='word_1_305' title='bbox 620 3813 665 3873; x_wconf 89' lang='lat' dir='ltr'>ita</span> <span class='ocrx_word' id='word_1_306' title='bbox 680 3822 786 3887; x_wconf 89' lang='lat' dir='ltr'>tamen,</span> <span class='ocrx_word' id='word_1_307' title='bbox 808 3824 843 3876; x_wconf 92' lang='lat' dir='ltr'>ut</span> <span class='ocrx_word' id='word_1_308' title='bbox 856 3797 964 3876; x_wconf 80' lang='lat' dir='ltr'>Christi</span> <span class='ocrx_word' id='word_1_309' title='bbox 989 3813 1148 3878; x_wconf 90' lang='lat' dir='ltr'>doctrinam</span> <span class='ocrx_word' id='word_1_310' title='bbox 1164 3822 1279 3876; x_wconf 88' lang='lat' dir='ltr'>secutus</span> 
     </span>
     <span class='ocr_line' id='line_1_34' title="bbox 112 3916 1279 4000; baseline 0.003 -23"><span class='ocrx_word' id='word_1_311' title='bbox 112 3933 231 3998; x_wconf 92' lang='lat' dir='ltr'>regnum</span> <span class='ocrx_word' id='word_1_312' title='bbox 249 3916 427 3980; x_wconf 91' lang='lat' dir='ltr'>Messianum</span> <span class='ocrx_word' id='word_1_313' title='bbox 451 3917 480 3979; x_wconf 93' lang='lat' dir='ltr'>in</span> <span class='ocrx_word' id='word_1_314' title='bbox 496 3919 606 3982; x_wconf 91' lang='lat' dir='ltr'>coelum</span> <span class='ocrx_word' id='word_1_315' title='bbox 632 3919 822 3982; x_wconf 82' lang='lat' dir='ltr'>transtulerit</span> <span class='ocrx_word' id='word_1_316' title='bbox 837 3957 880 3966; x_wconf 97' lang='lat'><em>-</em></span> <span class='ocrx_word' id='word_1_317' title='bbox 897 3919 1001 3995; x_wconf 87' lang='grc' dir='ltr'><strong>Πίστις</strong></span> <span class='ocrx_word' id='word_1_318' title='bbox 1016 3919 1158 3982; x_wconf 81' lang='lat' dir='ltr'>Abrahae</span> <span class='ocrx_word' id='word_1_319' title='bbox 1180 3919 1279 4000; x_wconf 88' lang='lat' dir='ltr'>itaque</span> 
     </span>
    </p>
   </div>
   <div class='ocr_carea' id='block_1_3' title="bbox 105 4177 1277 4428">
    <p class='ocr_par' dir='ltr' id='par_1_4' title="bbox 105 4177 1277 4428">
     <span class='ocr_line' id='line_1_35' title="bbox 203 4177 802 4248; baseline 0.008 -18"><span class='ocrx_word' id='word_1_320' title='bbox 203 4177 222 4248; x_wconf 84' lang='lat'>¹)</span> <span class='ocrx_word' id='word_1_321' title='bbox 241 4180 291 4230; x_wconf 77' lang='lat' dir='ltr'>cfr.</span> <span class='ocrx_word' id='word_1_322' title='bbox 309 4179 463 4232; x_wconf 65' lang='lat' dir='ltr'>mmm</span> <span class='ocrx_word' id='word_1_323' title='bbox 480 4184 499 4234; x_wconf 92' lang='lat'>1.</span> <span class='ocrx_word' id='word_1_324' title='bbox 517 4198 547 4241; x_wconf 80' lang='lat' dir='ltr'>o..</span> <span class='ocrx_word' id='word_1_325' title='bbox 565 4183 602 4234; x_wconf 78' lang='lat' dir='ltr'>St.</span> <span class='ocrx_word' id='word_1_326' title='bbox 621 4181 682 4240; x_wconf 75' lang='lat'>857.</span> <span class='ocrx_word' id='word_1_327' title='bbox 801 4203 802 4206; x_wconf 47' lang='lat'>¹</span> 
     </span>
     <span class='ocr_line' id='line_1_36' title="bbox 201 4263 1277 4340; baseline 0.009 -24"><span class='ocrx_word' id='word_1_328' title='bbox 201 4263 221 4335; x_wconf 82' lang='grc' dir='ltr'>Ι)</span> <span class='ocrx_word' id='word_1_329' title='bbox 240 4267 432 4335; x_wconf 47' lang='lat' dir='ltr'>cascharam</span> <span class='ocrx_word' id='word_1_330' title='bbox 449 4271 480 4320; x_wconf 86' lang='lat' dir='ltr'>dc</span> <span class='ocrx_word' id='word_1_331' title='bbox 497 4271 595 4322; x_wconf 83' lang='lat' dir='ltr'>Hieros.</span> <span class='ocrx_word' id='word_1_332' title='bbox 613 4274 712 4324; x_wconf 75' lang='lat' dir='ltr'>coelesti</span> <span class='ocrx_word' id='word_1_333' title='bbox 730 4275 756 4323; x_wconf 90' lang='lat' dir='ltr'>in</span> <span class='ocrx_word' id='word_1_334' title='bbox 774 4290 794 4324; x_wconf 90' lang='lat' dir='ltr'>s.</span> <span class='ocrx_word' id='word_1_335' title='bbox 813 4274 875 4323; x_wconf 86' lang='lat' dir='ltr'>Hor.</span> <span class='ocrx_word' id='word_1_336' title='bbox 893 4274 962 4324; x_wconf 86' lang='lat' dir='ltr'>hebr.</span> <span class='ocrx_word' id='word_1_337' title='bbox 981 4292 1005 4340; x_wconf 92' lang='lat' dir='ltr'>p.</span> <span class='ocrx_word' id='word_1_338' title='bbox 1027 4273 1094 4323; x_wconf 82' lang='lat'>1205</span> <span class='ocrx_word' id='word_1_339' title='bbox 1113 4291 1160 4334; x_wconf 68' lang='grc' dir='ltr'><strong>τας</strong></span> <span class='ocrx_word' id='word_1_340' title='bbox 1180 4275 1277 4326; x_wconf 78' lang='lat' dir='ltr'>Ewald</span> 
     </span>
     <span class='ocr_line' id='line_1_37' title="bbox 105 4355 977 4428; baseline 0.006 -22"><span class='ocrx_word' id='word_1_341' title='bbox 105 4371 196 4406; x_wconf 83' lang='lat' dir='ltr'>comm.</span> <span class='ocrx_word' id='word_1_342' title='bbox 215 4356 239 4404; x_wconf 93' lang='lat' dir='ltr'>in</span> <span class='ocrx_word' id='word_1_343' title='bbox 260 4357 336 4422; x_wconf 79' lang='lat' dir='ltr'>Apso.</span> <span class='ocrx_word' id='word_1_344' title='bbox 353 4375 378 4424; x_wconf 89' lang='lat' dir='ltr'>p.</span> <span class='ocrx_word' id='word_1_345' title='bbox 399 4357 439 4408; x_wconf 94' lang='lat' dir='ltr'>ll.</span> <span class='ocrx_word' id='word_1_346' title='bbox 458 4355 520 4409; x_wconf 80' lang='lat'>307.</span> <span class='ocrx_word' id='word_1_347' title='bbox 546 4358 673 4421; x_wconf 66' lang='lat' dir='ltr'>Wctrtcim</span> <span class='ocrx_word' id='word_1_348' title='bbox 692 4361 725 4414; x_wconf 85' lang='lat' dir='ltr'>N.</span> <span class='ocrx_word' id='word_1_349' title='bbox 738 4363 766 4412; x_wconf 87' lang='grc' dir='ltr'>Τ.</span> <span class='ocrx_word' id='word_1_350' title='bbox 785 4361 827 4420; x_wconf 87' lang='grc' dir='ltr'>Π.,</span> <span class='ocrx_word' id='word_1_351' title='bbox 845 4379 869 4428; x_wconf 92' lang='lat' dir='ltr'>p.</span> <span class='ocrx_word' id='word_1_352' title='bbox 889 4359 940 4410; x_wconf 78' lang='lat'>229</span> <span class='ocrx_word' id='word_1_353' title='bbox 960 4364 977 4414; x_wconf 76' lang='lat' dir='ltr'>i.</span> 
     </span>
    </p>
   </div>
   <div class='ocr_carea' id='block_1_4' title="bbox 0 0 1552 4886">
    <p class='ocr_par' dir='ltr' id='par_1_5' title="bbox 0 0 1552 4886">
     <span class='ocr_line' id='line_1_38' title="bbox 0 0 1552 4886; baseline 0 2"><span class='ocrx_word' id='word_1_354' title='bbox 0 0 1552 4886; x_wconf 95' lang='lat' dir='ltr'> </span> 
     </span>
    </p>
   </div>
  </div>
 </body>
</html>
