3064 4894
527 237 654 304 llxponlllo
672 237 719 291 Π.
742 235 783 288 12.
804 234 846 288 18.
1228 241 1270 305 33

104 426 148 476 est
164 433 215 496 pro
230 414 304 502 ἄχρι
319 417 485 502 διαμιμίση,
501 436 592 496 usque
607 417 676 476 dum
691 415 821 476 dissecet.
839 451 878 459 —
902 420 986 503 ψυχή
1008 425 1037 475 et
1053 424 1166 500 πνεῦμα
1188 414 1272 477 uobi-

106 521 205 584 liorem
228 521 354 584 hominis
378 532 491 602 panem
514 521 674 602 designant,
699 530 812 602 partem
834 519 1104 600 non¹corporalem‚
1126 519 1273 597 animum;

107 633 191 716 ψυχή
207 645 275 690 vero
290 649 310 690 a
324 632 467 714 casipate
491 627 520 689 in
543 649 566 691 s.
589 626 739 707 Scriptura
760 627 802 687 ita
824 625 1001 699 discernitur,
1021 635 1053 688 ut
1074 628 1192 688 denotet
1207 627 1273 690 illas

106 733 197 796 animi
212 734 376 808 facultates,
392 733 512 798 affectus
526 733 756 815 cupiditatesque
771 753 836 795 curu
854 733 944 796 brutis
959 733 1156 795 animantibus
1178 734 1274 796 horni-

105 839 193 903 nibus
208 859 383 914 communes,
399 843 474 903 unde
484 841 573 902 etiam
588 837 721 926 ψυχικοί,
731 840 881 915 animales,
891 839 1037 917 dicuntum
1052 847 1166 928 aesopo
1176 849 1275 904 contra

105 947 236 1010 animum
252 946 440 1028 intelligendi,
455 947 640 1029 cognoscendi
655 946 856 1029 cogitandique
872 947 1011 1010 facultate
1026 947 1197 1028 praeditum,
1219 948 1275 1009 lide

107 1065 138 1116 et
152 1053 248 1134 gratia
262 1053 449 1128 illustratum,
465 1053 514 1134 qui
531 1053 652 1118 meliora
662 1053 741 1116 videt
755 1054 935 1136 assequitur,
951 1055 1026 1116 unde
1042 1054 1173 1117 homines
1187 1075 1275 1120 caso·

109 1165 239 1248 μστικοὶ,
255 1159 421 1241 spirituales
431 1160 624 1242 appellantur.
635 1195 680 1208 —-
691 1162 950 1225 delementum
965 1161 1059 1223 locum
1075 1162 1197 1224 hunoad
1208 1179 1276 1243 pro·

109 1268 239 1329 bandam
262 1267 437 1330 senteutiam
458 1285 556 1330 suam:
584 1279 642 1329 tres
664 1287 726 1330 esse
749 1267 873 1332 hominis
895 1276 1008 1348 partes:
1030 1279 1127 1355 σῶμα,
1147 1273 1231 1356 ψοχή
1247 1279 1277 1330 et

109 1383 234 1460 campet,
250 1375 351 1456 inepte
366 1375 527 1448 adducunt;
543 1393 627 1436 voces
637 1373 713 1435 enim
723 1379 807 1463 ψυχή
817 1384 847 1436 et
855 1383 970 1461 πνεῦμα
987 1395 1044 1437 oon
1053 1375 1193 1437 denotant
1201 1376 1274 1437 duas

109 1479 239 1541 diverses
254 1477 282 1540 iu
300 1479 416 1543 homine
430 1480 619 1552 substantias,
635 1482 684 1542 sed
694 1483 837 1544 ἀν’νικιιιο
846 1481 974 1544 eiusdem
983 1481 1164 1543 substantias
1164 1481 1277 1564 sacal·

107 1595 203 1659 ιοιιος
220 1595 363 1665 quatenus
378 1605 482 1667 nempe
497 1586 596 1648 anima
611 1603 714 1668 corpus
728 1587 864 1665 οἱοίμοιιι
879 1587 1039 1670 efficitque
1053 1595 1084 1647 et
1097 1589 1199 1660 sentit,
1223 1607 1276 1650 vo-

109 1701 192 1754 earm
207 1696 308 1778 ψοχή;
325 1701 468 1774 ιμιιιιοιιιιο
482 1701 582 1756 autem
598 1691 852 1775 animaiotellipit
867 1701 897 1753 et
910 1692 988 1766 vall,
1003 1691 1107 1754 dieitur
1120 1701 1235 1779 cleopa
1243 1691 1278 1776 1).

110 1797 144 1860 S.
161 1797 299 1861 Τλοιιιιιι
314 1797 470 1860 rectissime
485 1799 635 1860 observat:
654 1797 783 1872 „Dicunt
798 1795 897 1879 aliqui,
913 1799 990 1878 quod
1006 1798 1034 1859 in
1050 1797 1134 1859 nobis
1148 1809 1216 1860 sunt
1231 1798 1279 1860 di-

111 1921 212 1964 versae
227 1901 357 1964 animae:
374 1923 432 1964 una
447 1903 563 1977 scilicet
579 1923 653 1985 quae
670 1903 780 1984 perlicit
795 1912 826 1964 et
840 1901 969 1966 vivificat
983 1921 1094 1985 corpus,
1116 1915 1146 1964 et
1161 1905 1217 1965 ista
1233 1905 1279 1966 di-

111 2008 187 2071 citur
202 2009 301 2070 anima
316 2008 448 2090 proprie;
463 2009 523 2072 elia
538 2027 605 2071 vero
621 2019 665 2071 est
680 2009 798 2090 spiritus
814 2009 926 2071 habens
949 2010 1137 2082 intellectum,
1162 2029 1218 2091 quo
1233 2009 1280 2072 in·

112 2113 280 2194 telligirnus,
296 2124 325 2176 et
340 2115 531 2188 voluntatem,
547 2137 605 2197 qua
620 2115 763 2180 volumus.
781 2115 894 2178 ntideo
909 2115 965 2177 iste
975 2118 1032 2178 duo
1046 2116 1139 2198 inagis
1148 2117 1281 2180 dicuntur

111 2221 301 2290 substantiae,
316 2241 405 2302 qnam
421 2221 544 2291 animae,
577 2223 641 2284 Hoc
656 2233 755 2284 autem
765 2223 937 2284 darnnatnm
952 2232 997 2284 est
1011 2221 1041 2284 iu
1052 2223 1124 2284 libro
1139 2225 1174 2286 de
1189 2223 1281 2286 eecle-

113 2327 238 2390 siastiois
251 2327 446 2407 dogmatibus.
477 2329 517 2390 Et
540 2328 604 2391 ideo
626 2327 778 2391 dicendum
801 2337 853 2402 ast,
875 2331 951 2409 quod
973 2351 1041 2393 ιιιιο
1063 2337 1094 2392 et
1115 2331 1221 2394 ecdem
1236 2341 1281 2394 eal

113 2437 248 2498 essentie
263 2436 399 2508 animae,
415 2455 489 2516 qnae
506 2453 556 2515 per
571 2434 727 2498 essentiam
750 2454 834 2497 suam
850 2433 977 2498 vivificat
992 2453 1094 2516 corpus
1116 2447 1146 2498 et
1161 2455 1212 2517 per
1226 2457 1281 2518 po-

113 2539 235 2602 tentiam
251 2559 344 2614 suern,
360 2561 434 2621 quae
450 2540 553 2604 dicitur
568 2541 741 2615 intellectus,
757 2551 802 2604 est
817 2541 987 2623 principium
1011 2541 1220 2621 intelligendi.“
1237 2577 1281 2590 -

113 2643 212 2734 ἁρμός
226 2656 272 2710 est
283 2647 480 2721 eorrnmissura
495 2667 648 2729 compages
663 2647 723 2710 scil.
735 2649 945 2722 membrorum
962 2646 1226 2735 poeldenredulla,
1243 2647 1281 2722 id,

113 2755 191 2834 quod
206 2753 282 2816 iuter
296 2753 437 2816 cavitates
452 2755 559 2816 ossium
576 2755 656 2816 latet.
732 2759 828 2818 Voces
843 2752 946 2841 ἁρμῶν
964 2765 992 2816 et
1009 2756 1125 2842 μοιλῶν
1143 2774 1199 2817 uon
1214 2764 1283 2816 sunt

114 2860 234 2922 vocibus
248 2865 351 2948 ψυχῆς
366 2871 395 2920 et
410 2865 578 2946 anseperto<
593 2860 775 2924 deordinatae
790 2861 840 2922 sed
856 2861 1070 2934 subordinatas,
1092 2871 1122 2922 et
1144 2862 1284 2924 denotant

117 2969 144 3029 h.
164 2967 181 3027 l.
197 2965 392 3029 occultissima
408 2975 439 3026 et
454 2965 637 3028 abditissima
653 2967 681 3028 in
704 2966 809 3030 arrianis
825 2966 937 3030 nostris.
955 3003 997 3012 -—
1010 2966 1133 3030 Verbis:
1148 2971 1201 3034 καὶ
1215 2989 1283 3054 κρι-

114 3077 197 3146 τικὸς
213 3070 407 3161 ἐνθυμήσεων
423 3077 475 3138 καὶ
490 3071 609 3138 ἐννοιῶν
623 3073 753 3159 καρδίας
768 3073 900 3154 designat
915 3077 1114 3155 austeriores
1130 3073 1148 3134 i.
1164 3095 1187 3134 e.
1203 3093 1284 3138 oern-

115 3179 303 3242 minationem
320 3188 460 3262 tanlquam
476 3197 628 3259 personam
645 3189 780 3260 paratam
795 3181 833 3242 ad
843 3178 1027 3242 diiudicanda
1036 3179 1162 3260 cogitata
1177 3190 1206 3242 et
1214 3199 1284 3244 con-

114 3286 183 3349 silia
198 3284 297 3348 cordis.
313 3319 357 3330 —-
376 3285 422 3348 Ad
433 3283 684 3373 ἐνθομήσιωνοῶ.
696 3286 784 3348 Mtth.
804 3286 857 3348 lX.
868 3287 914 3360 4.;
931 3285 1003 3348 Xll.
1014 3287 1080 3360 25.;
1098 3285 1164 3348 Act.
1181 3286 1284 3350 XVII.

116 3395 186 3468 29.;
202 3393 239 3452 ad
256 3389 373 3456 ἐννοιῶν
389 3392 438 3454 olr.
459 3393 479 3451 l.
496 3391 541 3452 Pt.
559 3391 611 3453 lV.
637 3394 658 3454 Ι.

204 3518 232 3560 ν.
252 3499 300 3563 13.
317 3494 380 3561 Καὶ
396 3493 453 3562 οὐκ
468 3497 530 3563 ἐστι
545 3502 639 3571 κτίσις
655 3497 774 3588 ἀφανὴς
784 3498 907 3566 ἐνώπιον
917 3494 1019 3574 αὐτοῦ,
1036 3505 1133 3566 πάντα
1142 3500 1175 3564 δέ
1185 3503 1282 3588 γυμνὰ

115 3609 168 3671 καὶ
183 3606 446 3691 τετραχηλισμένα
461 3615 523 3677 τοῖς
539 3601 716 3691 ὀφθαλμοῖς
732 3601 834 3679 αὐτοῦ,
860 3610 935 3690 πρὸς
950 3606 983 3670 ὃν
1005 3603 1075 3694 ἡμῖν
1091 3603 1107 3671 ὁ
1125 3609 1225 3687 λόγος.
1243 3640 1283 3652 ·-

116 3711 218 3773 Verba
234 3711 320 3772 huius
336 3727 445 3783 versus,
462 3709 613 3791 praecipue
628 3728 784 3791 pronomen
807 3708 908 3784 αὐτοῦ,
932 3731 988 3773 uon
1003 3723 1072 3774 suut
1086 3713 1233 3774 referenda
1248 3713 1286 3773 ad

117 3821 209 3898 λόγον
225 3826 278 3881 τοῦ
293 3815 379 3889 Θεοῦ,
396 3816 647 3880 comminationem
665 3817 727 3890 Dei,
743 3818 794 3880 sed
809 3819 847 3880 ad
857 3819 953 3880 Deum
969 3817 1078 3897 ipsuum
1095 3817 1130 3878 de
1143 3819 1206 3878 Deo
1221 3833 1287 3898 ergo

116 3923 268 4006 apostolus
282 3922 365 3985 dicit:
383 3943 451 3984 narn
468 3923 549 3984 uulla
565 3942 609 3986 res
625 3933 722 3986 creata
736 3924 762 3986 ei
778 3925 899 3987 obscure
915 3935 967 3995 est,
983 3926 1033 3986 ssd
1049 3921 1146 3984 omnia
1161 3923 1241 3984 nuda
1256 3932 1286 3984 et

117 4041 220 4112 aperta
236 4039 305 4092 sunt
319 4029 410 4092 oculis
426 4029 494 4090 eius.
512 4063 555 4076 -
571 4029 757 4093 Vocabulum
772 4035 867 4106 κτίσις
884 4028 932 4114 (ut
947 4030 1032 4093 Rom.
1050 4030 1135 4094 vul.
1153 4024 1218 4109 39.)
1234 4030 1287 4090 de-

214 4257 232 4327 ι)
252 4258 303 4310 Cir.
322 4256 432 4325 Blept'np
450 4262 466 4309 1.
486 4275 516 4319 c..
534 4257 571 4310 St.
593 4255 651 4310 109.
672 4263 688 4310 f.

1100 4343 1129 4400 6.
