3064 4894
540 343 664 408 Expositis
683 342 726 394 rx.
746 339 788 395 ss.
808 339 850 389 27.
1216 339 1278 406 155

113 520 208 601 ipsum
224 521 345 594 offerret,
360 520 460 602 utique
475 521 598 584 saeculis
612 521 678 584 inde
704 524 743 584 ab
758 524 826 584 orbe
848 518 961 583 condito
983 518 1150 581 labentibus
1165 517 1280 600 saepius
1296 585 1308 604 ⁴

113 637 237 689 mortem
252 627 352 690 subire
364 628 510 689 debuisset
527 626 609 711 (quia
626 629 745 709 quaevis
761 627 906 708 generatio
921 625 1046 707 peccatis
1060 624 1188 688 obnoxia
1197 621 1279 706 erat).

116 771 152 780 -
172 739 280 799 παθεῖν
296 735 325 796 h.
343 735 362 798 l.
378 736 512 796 denotat:
529 743 651 797 mortem
669 735 764 796 subire
782 731 861 819 (coll.
879 753 906 794 v.
918 733 969 798 22.
985 725 1277 819 χωρίςαὶρατεκχυ-

112 845 179 914 σίας
195 837 230 905 οἰ)
246 847 354 922 γίνεται
369 838 498 927 ἄφεσις).
514 876 556 885 -
574 839 634 905 ἀπὸ
649 843 825 930 καταβολῆς
840 846 965 926 κόσμου,
990 840 1056 900 inde
1071 840 1111 899 ab
1126 839 1194 899 orbe
1209 856 1278 899 oon-

112 946 262 1019 dito,h.1.
282 949 321 1007 ab
343 966 376 1008 eo
399 955 535 1026 tempore,
560 966 617 1027 quo
639 947 770 1008 homines
792 948 820 1008 in
843 947 952 1008 mundo
973 965 1035 1008 esse
1057 953 1219 1026 coeperunt.
1235 977 1278 988 -

112 1089 153 1100 -
171 1053 324 1115 Formula:
341 1051 388 1117 ἐπὶ
405 1055 558 1136 συντελείᾳ
573 1065 630 1118 τῶν
640 1051 762 1126 αἰώνων,
778 1073 853 1134 quae
862 1054 1017 1133 respondet
1031 1050 1171 1112 formulae
1188 1050 1224 1132 (1.
1236 1046 1277 1134 1.)

112 1156 158 1224 ἐπ’
175 1157 307 1246 ἐσχάτου
323 1170 379 1223 τῶν
395 1159 512 1247 ἡμερῶν
529 1163 649 1232 τουτων,
666 1159 839 1240 explicanda
855 1169 899 1220 est
913 1179 950 1221 ex
960 1158 1137 1220 Judaeorum
1152 1157 1278 1220 deMes-

112 1265 172 1326 siae
187 1266 364 1346 temporibus
387 1265 521 1346 loquendi
542 1267 666 1341 ratione3
691 1276 774 1328 notat
795 1276 911 1348 tempus
926 1267 997 1348 legis
1019 1263 1209 1345 evangelicae,
1233 1261 1278 1324 cui

94 1373 212 1454 ‘nullus
225 1373 301 1434 alius
315 1389 410 1434 rerum
420 1381 514 1434 status
524 1374 663 1435 succedet.
675 1409 715 1420 -—
727 1372 882 1460 ἀθέτησις,
890 1372 1048 1453 abrogatio,
1065 1369 1154 1455 (quod
1164 1379 1278 1451 praeter

111 1481 187 1541 hunc
201 1479 295 1542 locum
311 1480 405 1542 solum
419 1479 490 1541 VII.
509 1481 558 1546 18.
574 1478 706 1564 occurrit)
722 1482 751 1542 h.
768 1480 786 1541 l.
802 1480 986 1560 synonimum
1001 1490 1045 1541 est
1060 1476 1202 1541 vocabulo
1217 1478 1273 1541 λθ-

109 1609 218 1670 τρωσις
234 1587 273 1665 (v.
295 1586 365 1666 12),
382 1584 486 1673 ἄφεσις
502 1588 542 1660 (ν.
553 1583 629 1671 22),
645 1587 774 1668 adeoque
783 1586 911 1649 declarat
928 1585 1131 1666 expiationem,
1147 1592 1181 1646 ut
1196 1602 1276 1645 com·

110 1691 224 1772 paratio
240 1691 348 1754 Christi
364 1711 428 1754 oum
445 1693 578 1772 pontifice
594 1691 772 1754 Judaeomm
781 1691 916 1754 instituta
930 1701 960 1753 et
968 1691 1113 1753 adiectum
1128 1688 1276 1775 ἁμαρτίας

110 1799 220 1860 docent.
252 1797 386 1860 Christus
401 1798 546 1879 apparuit,
569 1807 602 1859 ut
617 1798 748 1879 expiaret
770 1808 888 1878 peccata
910 1799 959 1862 διὰ
980 1809 1034 1885 τῆς
1050 1801 1160 1868 θυσίας
1175 1791 1275 1867 αὑτοῦ,

108 1921 259 1983 persuum
274 1902 452 1986 sacrificium,
466 1903 496 1966 in
512 1921 592 1967 cruce
608 1903 741 1966 nimirum
759 1904 901 1970 oblatum.
918 1940 957 1950 ν·-
975 1909 1191 1990 περάνὲρωται,
1206 1900 1275 1980 quia

111 2013 318 2095 φανεροῦσθαι
333 2012 495 2090 frequenter
510 2011 665 2072 adhibetur
680 2012 716 2072 de
736 2011 845 2074 Christi
861 2014 915 2073 has
936 2011 966 2072 in
987 2019 1079 2071 terras
1093 2009 1231 2081 adventu,
1246 2016 1276 2067 et

106 2135 135 2176 v.
152 2117 203 2182 28.
220 2115 324 2196 legitur
339 2116 374 2182 ἐκ
390 2117 528 2202 δευτέρου
545 2115 723 2205 ὀφθήσεται,
739 2118 818 2180 reddi
834 2119 934 2180 debet:
957 2115 1094 2198 apparuit
1110 2113 1140 2176 iu
1155 2113 1271 2185 mundo,

107 2223 162 2283 has
177 2219 207 2283 in
222 2231 314 2284 terras
329 2223 417 2290 venit.

196 2325 305 2398 Quaeri
321 2329 369 2390 hic
383 2340 487 2410 potest,
503 2349 553 2392 our
568 2331 674 2394 ultima
695 2333 811 2394 demum
827 2331 943 2412 periodo
958 2349 1062 2410 passus
1077 2329 1115 2389 sit
1130 2325 1271 2396 Christus,

105 2454 140 2495 ao
155 2454 212 2496 non
227 2435 324 2516 potius
339 2435 440 2498 statim
455 2446 522 2516 post
539 2438 663 2500 hominis
679 2438 803 2518 lapsum,
818 2447 852 2500 ut
866 2439 967 2500 morbo
982 2433 1133 2498 confestim
1148 2431 1271 2494 adhibe-

104 2550 183 2601 retur
197 2542 363 2607 remedium.
387 2543 518 2604 Breviter
526 2545 740 2624 respondemus,
756 2544 890 2624 quamvis
899 2552 1037 2624 posttam
1052 2539 1147 2602 multa
1156 2536 1271 2600 saecula

106 2651 210 2726 passus
225 2646 264 2708 sit
279 2646 420 2721 Christus,
436 2649 595 2711 remedium
610 2660 709 2712 tameo
720 2649 824 2712 salutis
840 2648 950 2714 homini
961 2649 1043 2729 lapso
1059 2662 1207 2725 nunquam
1218 2643 1269 2702 de-

106 2749 204 2826 fuisse,
220 2772 257 2814 ex
266 2773 323 2834 quo
333 2757 411 2816 iacta
420 2763 464 2816 est
474 2754 499 2816 ei
510 2755 660 2836 promissio
676 2758 711 2817 de
721 2755 837 2818 Christo
845 2766 974 2818 ventum.
1003 2755 1084 2815 Nam
1092 2751 1185 2812 virtus
1201 2768 1270 2829 pas-

104 2857 193 2920 sionis
208 2859 277 2933 sius,
294 2862 371 2943 quod
386 2863 424 2922 ad
440 2861 575 2924 meritum
590 2861 705 2935 attinet,
720 2863 884 2925 extenditur
906 2863 943 2924 ad
965 2859 1062 2923 omnia
1077 2857 1192 2920 saecula
1206 2863 1269 2914 tam

103 2964 260 3042 praeterita
275 2985 364 3046 quam
386 2968 491 3033 hrtura.
523 2966 582 3030 Cur
603 2977 702 3030 autem
725 2969 951 3056 incarnationem
973 2966 1034 3028 eius
1056 2975 1087 3028 et
1105 2963 1268 3046 passionem

103 3078 166 3130 tam
188 3069 238 3131 diu
259 3069 363 3132 differri
388 3073 554 3152 oportuerit,
576 3075 651 3135 duae
673 3074 857 3154 potissimum
878 3083 946 3135 sunt
967 3072 1100 3136 rationes.
1139 3071 1213 3144 Una,
1236 3083 1268 3132 ut

102 3174 229 3255 primum
238 3175 453 3257 intelligeretur,
469 3179 538 3259 quid
549 3189 662 3254 natura,
678 3180 780 3244 deinde
796 3181 865 3262 quid
876 3180 925 3242 lex
934 3189 1040 3262 posset,
1050 3189 1147 3260 atque,
1163 3180 1267 3240 harum

101 3279 302 3364 imbecillitate
317 3285 355 3345 ad
371 3285 533 3380 sanandum
549 3286 695 3348 hominem
710 3295 866 3368 comperta,
882 3289 1000 3349 tandem
1014 3287 1127 3349 veniret
1141 3285 1200 3360 ille,
1216 3285 1265 3368 qui

102 3386 181 3448 solus
191 3405 242 3468 per
251 3409 335 3450 suam
345 3389 508 3470 passionem
518 3401 633 3471 poterat
642 3392 751 3455 homini
759 3394 870 3474 perdito
879 3394 1004 3456 salutem
1012 3395 1131 3455 adferre.
1153 3391 1267 3464 Altera,

102 3502 136 3554 ut
150 3493 260 3556 idoneis
275 3495 454 3570 testimoniis,
470 3497 628 3560 cuiusmodi
644 3500 759 3561 fuenmt
776 3501 893 3563 oracula
902 3501 1113 3581 Prophetarum
1129 3509 1267 3560 etomnes

101 3599 209 3678 figurae
225 3600 296 3680 legis
311 3601 456 3684 antiquae,
472 3605 616 3667 adventus
630 3614 659 3666 et
674 3607 770 3685 passio
786 3605 894 3668 Christi
918 3606 1078 3669 credibilior
1100 3604 1266 3667 hominibus

99 3705 273 3780 redderetur,
288 3728 323 3770 ao
338 3708 530 3788 paratioribus
545 3711 649 3772 animis
664 3713 861 3794 susciperetur.

188 3832 215 3876 ν.
232 3813 283 3877 27.
300 3810 364 3877 Καὶ
379 3813 455 3879 καθ’
471 3815 542 3882 ὅσον
558 3815 789 3893 &observaturas
805 3819 980 3904 ἀνθρώποις
996 3818 1075 3893 ἅπαξ
1091 3818 1264 3888 ἀποθανεῖν,

100 3919 174 4000 μετὰ
190 3917 222 3980 δὲ
238 3929 326 3983 τουτο
342 3925 448 4004 κρίσις·
729 3993 733 4009 ⁸

189 4043 216 4084 v.
234 4025 284 4088 28.
309 4023 386 4090 utcu
409 4031 461 4092 καὶ
484 4026 657 4112 ὁΧριστὸς,
681 4031 760 4105 ἅπαξ
782 4036 997 4116 προςενεχθείς
1020 4029 1061 4104 εἰς
1084 4036 1117 4095 τὸ
1140 4034 1263 4097 πολλῶν

98 4127 263 4208 ἀνενεγκεῖν
279 4128 436 4214 ἁμαρτίας,
454 4133 488 4197 ἐκ
505 4135 643 4220 δευτέρου
660 4143 756 4222 χωρίς
772 4135 919 4222 ἁμαρτίας
936 4135 1104 4226 ὀφθήσεται
1127 4149 1189 4211 τοῖς
1205 4135 1261 4202 αδ-

98 4239 147 4297 τὸν
163 4232 419 4321 ἀπεκδεχομένοις
436 4235 477 4312 είς
493 4246 648 4326 σωτηρίαν.
673 4279 703 4288 —
725 4243 886 4322 Apostolus
902 4244 957 4306 hoc
971 4254 1001 4305 et
1015 4264 1073 4324 seq.
1084 4263 1168 4306 versu
1183 4265 1261 4308 αουο

93 4341 633 4420 argumentoosimilitedr'aededuoto
642 4349 800 4422 confirmat,
810 4347 1175 4412 Christumsemeltantum
1185 4351 1256 4414 mori
