3064 4894
263 263 325 328 140
729 261 853 325 exponas
872 258 915 312 rx.
934 261 959 311 4.

260 453 327 502 snut
350 441 504 514 sententia,
536 453 567 502 ut
590 443 744 514 crederem,
768 441 909 504 vocabulo
938 445 1137 530 θυμιατήριον
1162 441 1324 523 significari
1347 443 1439 507 altare

259 549 382 620 suffitus,
407 565 478 610 auro
493 549 659 621 obductum,
674 550 714 610 ub
721 546 856 630 apostolo
864 567 892 609 v.
903 547 931 614 2.
942 568 999 610 non
1008 559 1217 626 memoratum3
1232 551 1438 612 diountenim:

258 665 358 718 auctor
373 665 471 718 noster
488 656 586 736 utique
601 673 719 717 aureum
736 656 830 716 altare
845 654 934 716 saeris
949 654 1042 716 intimi
1059 656 1217 718 sanctuarii
1240 657 1368 719 obiectis
1390 679 1437 720 ae-

257 780 370 825 oeusere
387 763 489 845 potuit,
513 761 582 843 quia
608 763 697 824 Exod.
721 760 843 822 XXVl.
868 761 920 827 35.
944 762 1126 824 solummodo
1149 782 1251 824 mensa
1274 775 1307 824 et
1331 767 1437 825 mude-

261 869 373 932 labrum
385 889 444 950 qua
459 869 571 932 obiecta
581 867 682 932 Sancti
693 869 883 941 nominentur,
899 877 929 930 et
944 869 997 930 loci
1007 869 1058 930 alii
1073 871 1109 930 de
1118 869 1207 931 altari
1216 889 1309 932 aureo
1318 882 1437 952 agentes

258 975 364 1060 (exoa.
381 975 490 1038 XXX.
502 977 545 1048 6.;
555 975 623 1036 XL.
633 977 662 1042 5.
674 973 740 1058 26.)
759 975 929 1037 locationem
942 976 1069 1037 eiusdem
1081 975 1109 1036 in
1120 977 1242 1038 obscuro
1257 977 1436 1058 relinquant,

257 1084 314 1144 imo
330 1085 487 1146 secundum
504 1081 605 1146 LXX.
622 1082 664 1144 ita
680 1081 751 1143 verti
768 1091 893 1162 possent,
910 1101 944 1144 ae
959 1082 983 1144 si
999 1082 1092 1144 altare
1115 1101 1238 1144 aureum
1261 1083 1433 1146 immediate

256 1199 325 1251 ante
341 1207 439 1251 aream
456 1188 576 1252 foederis
592 1187 718 1269 positum
735 1189 849 1264 linisset3
866 1189 1034 1270 praesertim
1051 1207 1119 1251 vero
1134 1189 1205 1270 quia
1221 1209 1273 1271 per
1291 1191 1391 1252 locum
1408 1192 1432 1251 in

259 1298 280 1356 l.
298 1295 317 1356 l.
335 1296 449 1376 Regum
465 1295 519 1362 Vl.
537 1297 587 1360 22.
605 1305 796 1358 assumentem
812 1297 971 1377 permoveri
989 1295 1115 1376 potuerit
1130 1306 1239 1370 auctor,
1256 1307 1291 1359 ut
1307 1309 1434 1378 putaret,

258 1401 353 1464 altare
362 1419 482 1464 aureum
492 1413 668 1466 revertente
678 1420 775 1467 arcam
791 1403 912 1466 foederis
921 1403 1050 1476 stetisse;
1066 1402 1107 1464 ibi
1118 1401 1195 1464 enim
1204 1403 1302 1465 altare
1313 1423 1431 1466 aureum

257 1508 360 1572 dieitur
381 1511 588 1618 mals-lp&
611 1529 746 1603 aaran·
763 1511 838 1590 quod
855 1509 956 1572 LXX.
972 1519 1101 1571 vertunt:
1117 1511 1339 1597 θυσιαστήριον
1356 1516 1434 1576 κατὰ

254 1641 412 1719 πρόσωπον
428 1643 480 1700 τοῦ
497 1607 586 1718 δαβίρ
613 1629 709 1724 (ψῃ
736 1632 908 1715 oraculum).
951 1672 967 1677 --
1010 1633 1120 1696 Contra
1154 1636 1229 1696 hano
1254 1636 1432 1697 sententiam

256 1767 356 1820 autem
372 1757 517 1821 obmoveri
543 1765 652 1839 potest:
676 1757 772 1838 negari
795 1757 911 1838 quidem
934 1757 1040 1838 nequit,
1063 1777 1082 1819 a
1104 1757 1239 1842 Joeeplto
1264 1757 1382 1822 Flavio
1404 1769 1432 1819 et

255 1861 421 1948 Ptttow)
438 1867 472 1926 de
489 1864 575 1926 altari
591 1865 706 1927 suffitus
716 1864 890 1926 vocabulum
905 1867 1106 1952 θυμιατήριον
1122 1864 1207 1944 poni3
1222 1865 1274 1925 sed
1291 1863 1431 1927 Alexan-

258 1971 330 2033 drini
348 1971 518 2052 interpretes
533 1971 626 2032 altere
642 1970 720 2034 thuri
736 1973 888 2033 cremando
897 1971 1076 2032 destinatum
1085 1989 1199 2051 semper
1213 1981 1323 2033 runaut
1338 1975 1430 2037 θυσι-

260 2085 417 2165 anappum
433 2087 533 2140 auctor·
549 2087 645 2140 noster
660 2077 757 2158 itaque
775 2078 835 2139 loeo
850 2077 928 2138 vonis
944 2080 1143 2164 θυμιατήριον
1159 2076 1263 2158 eligere
1279 2079 1431 2140 debuisset
1504 2095 1505 2098 ’

257 2201 357 2246 vooem
373 2186 586 2272 θυσιαστήριον
603 2203 621 2245 a
638 2184 738 2247 LXX.
755 2185 964 2246 mustanterad
975 2183 1185 2263 designandum
1195 2184 1290 2245 altare
1306 2204 1429 2246 aureum

257 2289 431 2363 adhibitam,
447 2289 470 2351 si
488 2292 541 2354 lroo
556 2291 648 2353 altare
664 2289 869 2371 intellexisset;
888 2307 970 2370 porro
986 2290 1048 2352 voni
1065 2293 1276 2380 θυμιατήριον,
1292 2291 1318 2351 si
1334 2291 1429 2353 altare

252 2397 402 2480 designare
418 2397 564 2470 voluisset,
575 2396 729 2460 articulum
746 2415 919 2478 praeponere
935 2396 1090 2471 debuisset,
1108 2396 1183 2459 sieut
1198 2398 1301 2459 ueteris
1317 2418 1430 2480 aequa-

254 2504 317 2566 liter
333 2501 425 2586 dignis
441 2502 621 2566 tabernaculi
637 2503 756 2566 obiectis
771 2506 893 2564 eundem
910 2503 1084 2584 praeposuit.
1117 2504 1157 2565 Et
1173 2505 1293 2565 taudem
1308 2505 1428 2566 omuino

252 2621 374 2685 constat,
398 2612 491 2674 altaro
515 2610 630 2672 suffitus
652 2629 708 2672 uon
731 2609 761 2670 in
777 2608 974 2684 Sanctissimo,
1001 2612 1050 2672 sed
1073 2610 1104 2672 iu
1127 2609 1235 2673 Sancto
1250 2611 1428 2672 collocatum

254 2718 341 2782 fuisse
357 2720 465 2798 (Exod.
481 2716 589 2779 XXX.
607 2715 660 2800 6.).
681 2753 715 2763 -
736 2717 856 2778 Rectius
880 2716 965 2797 igitur
987 2716 1037 2778 alii
1062 2715 1168 2798 (versio
1183 2719 1324 2800 σῃνὶσσα,
1349 2717 1429 2780 Vul-

250 2837 338 2907 qutu,
357 2825 615 2908 Theopltyloetus,
631 2821 757 2903 Benpel,
768 2824 917 2906 Bispinp,
935 2819 1150 2908 Blerentltull)
1162 2841 1212 2904 per
1221 2827 1426 2913 θυμιατήριον

252 2931 420 3011 intelligunt
435 2930 617 2992 thuribulum
633 2947 761 3002 aureum,
785 2949 842 3009 quo
857 2948 989 2991 summus
1012 2929 1143 2992 saeerdos
1165 2929 1228 2991 sola
1250 2930 1430 3010 expiationis

252 3039 298 3100 die
324 3036 352 3098 in
385 3036 573 3099 Sanctissimo
607 3037 751 3101 utebatur.
798 3037 857 3096 Ast
889 3036 1004 3098 obiioiet
1035 3035 1156 3116 aliquis:
1187 3036 1374 3098 thnribulum
1397 3037 1428 3098 iu

254 3143 442 3207 Sanctissimo
474 3142 631 3224 repositum
672 3163 727 3206 non
760 3143 831 3214 fuit,
863 3144 911 3204 sed
948 3145 1026 3205 baud
1061 3143 1147 3204 dubie
1178 3152 1247 3204 ante
1278 3143 1428 3217 aulaeum,

251 3253 379 3330 adeoque
401 3249 430 3312 in
455 3249 589 3311 anteriori
613 3250 792 3312 tubernaculi
817 3258 913 3330 parte3
937 3250 1001 3311 dein
1026 3249 1191 3313 incredibile
1215 3269 1276 3311 esse
1300 3249 1427 3322 videtur,

251 3366 405 3429 auctorem,
428 3356 457 3417 si
471 3358 670 3444 θυμιατήριον
694 3354 876 3418 thuribulum
891 3355 1042 3438 signifiat,
1064 3355 1158 3418 altare
1180 3357 1294 3418 suffitus
1309 3356 1429 3418 silentio
1503 3429 1504 3445 χ

250 3462 438 3545 praeteriisse.
456 3500 498 3510 -
515 3461 624 3524 Varias
640 3455 703 3524 vias
719 3463 838 3544 ingressi
855 3473 923 3524 sunt
938 3463 1116 3544 interpretes,
1140 3473 1173 3526 ut
1188 3483 1219 3526 se
1234 3461 1281 3525 his
1297 3463 1427 3526 difficul-

250 3570 361 3634 tatibus
377 3568 568 3632 exsolverent.
601 3569 742 3632 Nonnulli
761 3571 881 3631 verbum
897 3570 978 3658 ἔχειν
995 3571 1022 3632 h.
1040 3569 1059 3630 l.
1083 3568 1178 3631 latiori
1193 3589 1279 3632 sensu
1295 3569 1427 3651 positum

250 3687 393 3752 statuunt,
409 3676 470 3744 soil.
488 3693 556 3758 pro:
572 3675 729 3759 pertinere;
746 3675 977 3750 Sanctissimum,
992 3676 1099 3750 dieunt,
1115 3675 1222 3739 habuit
1236 3677 1423 3740 thuribulum

251 3786 325 3849 illud
342 3805 398 3848 uon
415 3784 443 3848 in
459 3805 498 3858 se,
515 3785 565 3847 sed
580 3793 648 3846 ante
664 3803 703 3857 se,
718 3803 806 3865 penes
822 3783 916 3846 altare
931 3783 1045 3847 suffitus
1054 3784 1144 3864 adyto
1159 3781 1342 3864 proximum
1358 3801 1425 3846 oum

250 3910 318 3956 vero
333 3892 515 3956 thuribulum
532 3907 652 3953 aureum
669 3889 824 3972 quotannis
839 3889 1014 3973 expiationis
1037 3889 1083 3953 die
1099 3889 1220 3953 solemni
1242 3889 1273 3952 in
1288 3888 1426 3953 Sanctis-

250 4001 355 4063 simum
373 3999 489 4061 illatum
505 3997 599 4071 luerit,
615 4006 645 4059 et
660 4017 729 4060 usus
745 3997 806 4060 eius
822 3998 1007 4077 perhibeatur
1023 3995 1110 4060 fuisse
1129 3997 1219 4077 adyto
1241 3995 1426 4060 tabernaculi

249 4107 462 4127 W

344 4139 363 4208 ι)
382 4138 434 4190 Joe.
454 4136 560 4188 Furnius
578 4139 608 4187 de
626 4138 690 4188 bello
713 4139 764 4188 iud.
784 4138 816 4186 V.
837 4137 861 4194 5,
881 4138 920 4196 5.;
946 4139 1039 4203 antiqq.
1058 4136 1104 4188 Ill.
1129 4134 1153 4194 6,
1174 4135 1215 4194 8.;
1241 4135 1336 4186 Ptuo:
1362 4136 1426 4197 Quis

221 4245 224 4250 ·
252 4247 299 4280 rer.
318 4230 393 4280 divin.
413 4229 497 4286 baem
515 4244 539 4293 p.
560 4225 620 4274 llll.
639 4241 675 4292 sq.
694 4227 761 4293 apud
773 4224 884 4292 Muugey
902 4227 931 4284 l.,
950 4244 973 4290 p.
985 4224 1045 4275 504.

341 4316 360 4384 ⁹)
381 4313 533 4365 Btosourtat
549 4315 565 4363 1.
586 4329 615 4372 a,
634 4311 671 4364 St.
690 4312 751 4364 225.
772 4316 789 4362 l.
