3096 4886
534 302 660 368 maneo
681 303 739 354 mr.
768 301 810 352 re.
830 299 872 354 ro.
1217 305 1282 373 209

117 505 184 548 cum
198 481 342 558 omnibus,
358 481 448 545 etiam
463 481 644 557 adversariis,
660 481 767 556 colant,
783 489 872 564 atque
887 480 1031 544 nemiuem
1045 483 1173 558 laedant,
1188 483 1287 546 omnia

117 591 266 666 omittant,
281 609 357 673 quae
371 588 552 652 adversarios
566 587 679 650 irritare
694 588 814 669 possint,
837 590 872 650 de
894 588 954 651 iure
969 610 1022 652 suo
1037 589 1185 665 decedant,
1206 611 1287 654 oom-

119 701 208 762 moda
229 719 283 761 sua
304 695 385 780 pacis
417 693 626 760 conservationi
648 704 835 777 postponant,
861 695 962 776 paucis
992 695 1199 760 sanctimoniae
1220 715 1287 760 vere

118 805 294 870 christianae
316 805 461 866 studeant
477 837 521 849 -
536 801 587 863 Ad
613 803 718 862 verba:
741 798 858 890 εἰρήνην
881 803 1003 869 διώκετε
1018 807 1092 890 μετὰ
1107 810 1223 872 πάντων
1239 807 1287 868 cfr.

120 915 207 980 Rom
223 913 296 978 XII.
314 913 364 978 18.
388 947 431 956 —-
446 909 563 974 διώκειν
586 907 699 991 proprie
721 909 856 971 denotat:
878 909 1026 990 persequi;
1049 911 1099 972 sed
1121 911 1226 974 etiem:
1247 911 1289 973 rei

121 1019 243 1084 alicuius
258 1017 419 1082 studiosum
434 1035 505 1078 esse.
521 1052 566 1060 —
581 1015 637 1076 Per
652 1012 797 1101 ἁγιασμόν
813 1014 899 1076 multi
914 1035 951 1077 ex
966 1016 1176 1097 antiquioribus
1198 1027 1228 1080 et
1241 1035 1289 1080 re-

121 1125 296 1190 centioribus
309 1122 516 1204 interpretibus
530 1120 698 1201 intelligunt
714 1119 890 1196 castitatem,
912 1131 942 1184 et
964 1123 1002 1184 ad
1024 1124 1102 1186 hauc
1115 1123 1289 1186 seutentiam

122 1232 273 1298 devenisse
288 1230 432 1302 videntur,
447 1226 517 1309 quia
530 1246 559 1288 v.
578 1228 629 1294 16.
644 1234 1017 1313 οοιιιιιιοιιιοιαίοιπόρνος;
1033 1232 1083 1292 sed
1092 1229 1190 1294 latiori
1204 1251 1291 1292 sensu

122 1341 152 1406 b.
169 1340 189 1400 l.
205 1339 280 1400 illud
301 1334 477 1398 vocabulum
500 1333 671 1416 capiendum
695 1341 806 1396 est-
822 1331 929 1396 Utrum
950 1353 1001 1416 per
1023 1341 1072 1401 τὸν
1094 1341 1197 1422 κίριον
1212 1339 1292 1399 Deus

121 1455 176 1508 aut
198 1443 331 1506 Christus
352 1439 557 1520 intelligendus
579 1437 626 1511 sit,
648 1437 822 1500 dissentiunt
842 1439 1028 1520 interpretem
1051 1443 1101 1504 sed
1123 1463 1145 1508 s.
1168 1443 1293 1506 auctoris

122 1550 214 1614 menti
228 1549 342 1612 videtur
356 1549 544 1610 obversatum
558 1564 620 1606 esse
630 1544 750 1606 effatum
761 1531 878 1618 Christi,
894 1547 972 1628 quod
981 1548 1072 1609 Mtth.
1082 1548 1121 1612 V.
1132 1550 1161 1614 8.
1178 1549 1290 1630 legitur,

122 1677 260 1741 nemper,
269 1657 351 1720 beati
357 1652 1294 1738 manducanaqcontamtpatlkumvtdeount‘arpenna

123 1772 242 1828 censent
250 1761 378 1844 optimae
384 1769 470 1823 notae
477 1759 656 1842 interpretes,
666 1775 718 1840 per
726 1762 776 1823 τὸν
783 1762 886 1843 κίριον
893 1759 1292 1842 Deumesseintelligendum.

214 1890 242 1931 v.
260 1868 311 1934 lb.
326 1866 564 1941 torneamenta,
581 1872 623 1952 μή
638 1887 682 1938 τις
697 1861 826 1949 ὑστερῶν
841 1863 900 1930 ἀπὸ
916 1877 971 1955 τῆς
986 1871 1112 1952 χάριτος
1126 1877 1186 1933 ,τοῦ
1202 1866 1291 1945 Θεοῦ,

126 1985 169 2066 μή
179 1999 224 2051 τις
234 1972 299 2062 ῥίζα
307 1977 427 2058 πικρίας
437 1971 499 2037 ἄνω
510 1975 628 2059 ρὺοοσα
637 1969 764 2057 ἐνοχλῇ,
774 1974 827 2034 καὶ
836 1971 885 2036 διὰ
894 1975 1007 2058 ταίσης
1015 1977 1164 2059 praebeor
1173 1976 1294 2040 πολλοί·

125 2120 172 2134 -
195 2080 304 2145 Verbis
331 2079 417 2142 buius
438 2095 539 2140 versus
563 2084 717 2138 mouentur
745 2076 895 2138 christiani
925 2076 1071 2153 firmiores,
1093 2088 1128 2141 ut
1148 2079 1216 2142 aliis
1237 2081 1296 2143 sint

126 2188 263 2270 exemplo
277 2194 309 2248 et
321 2185 509 2248 incitamento
524 2185 563 2245 ad
578 2181 782 2257 constantiam,
797 2192 832 2245 ut
846 2183 998 2265 diligenter
1013 2195 1120 2260 curent,
1143 2206 1179 2248 ne
1203 2187 1297 2250 vacil-

129 2299 226 2360 lantes
243 2313 267 2356 a
287 2292 424 2373 religione
445 2291 612 2353 desciscant
635 2326 680 2336 -
695 2286 825 2376 ὑστερεῖν
847 2290 908 2357 ἀπὸ
929 2305 984 2380 τῆς
1013 2297 1140 2379 χάριτος
1162 2296 1297 2358 denotat:

128 2401 247 2487 propria
262 2399 349 2482 culpa
369 2419 388 2460 a
410 2396 503 2479 gratia
524 2396 624 2458 diviua
642 2399 785 2472 reoedere;
814 2403 906 2484 χάρις
927 2407 1026 2460 autem
1050 2399 1194 2480 significet
1213 2402 1298 2464 favo-

128 2528 192 2572 rem
212 2506 277 2580 Dei,
299 2504 348 2589 qui
367 2512 484 2586 propter
508 2503 595 2564 fidem
619 2501 734 2565 Christo
756 2503 890 2565 habitam
905 2504 1068 2566 christianis
1084 2505 1187 2568 tribuit
1202 2516 1298 2569 aeter-

130 2635 201 2680 nam
216 2613 342 2676 salutem
351 2629 404 2693 per
412 2609 562 2672 Christum
576 2617 720 2691 paratam,
740 2629 797 2690 quo
812 2609 1007 2672 destituuntur
1019 2610 1050 2685 ii,
1066 2609 1115 2694 qui
1130 2631 1150 2672 a
1164 2612 1300 2693 religione

132 2719 276 2784 deficiunt
293 2751 335 2765 -
352 2716 474 2779 Verbis:
490 2723 531 2806 μή
547 2740 591 2790 τις
607 2713 673 2802 ῥίζα
687 2720 808 2801 πικρίας
823 2715 886 2782 ἄνω
902 2721 1019 2804 ρίοοσα
1035 2715 1161 2804 ἐνοχλῇ,
1184 2718 1300 2800 nequis

133 2827 172 2891 sit
186 2826 262 2888 iuter
276 2843 338 2898 vos,
354 2823 404 2905 qui
419 2833 560 2904 tanquam
576 2823 669 2897 radix,
685 2823 765 2886 cuius
780 2825 890 2886 fructus
904 2834 948 2886 est
963 2823 1135 2898 amaritudo,
1160 2825 1300 2905 germinet

135 2955 171 2998 ae
187 2931 323 3015 pullulet,
339 2932 368 2994 h.
384 2951 409 2996 e.
418 2931 527 2992 fructus
536 2931 605 2992 edat
613 2947 729 2992 amaros
737 2929 905 2994 vitiosorum
915 2948 1034 3012 operum
1043 2940 1096 2992 aut
1104 2947 1303 3012 perversorum

137 3044 320 3122 dogmatum,
336 3036 441 3118 quibus
450 3035 547 3098 unitas
561 3045 660 3098 vestra
670 3038 816 3112 turbetur;
830 3037 981 3118 respicitur
989 3038 1069 3100 locus
1078 3039 1164 3102 Dent.
1179 3039 1304 3101 XXIX.
1355 3079 1356 3082 =

140 3149 190 3214 18.
208 3181 247 3194 -·
266 3141 332 3230 ῥίζα
347 3148 451 3229 πικρία
465 3143 586 3204 denotet
600 3142 629 3210 b.
645 3142 666 3210 l.
681 3143 837 3217 hominem,
853 3145 903 3225 qui
917 3144 1008 3206 falsas
1029 3145 1174 3208 doctrinas
1195 3145 1306 3228 spargit

137 3254 187 3316 vel
201 3251 283 3314 mala
298 3249 434 3331 exempla
456 3251 585 3331 praebet
601 3285 650 3332 ⁸.
660 3247 797 3337 ἐνοχλεῖν
820 3260 917 3313 notat:
939 3254 1117 3333 perturbare,
1131 3269 1246 3315 vexare.
1261 3287 1306 3298 —

140 3364 262 3449 μιαίνειν
278 3366 324 3419 est
337 3355 458 3431 inficere,
474 3355 678 3418 contaminare.
1143 3347 1145 3352 ’

229 3485 258 3532 ιι.
276 3466 326 3531 16.
342 3471 383 3552 μή
399 3487 444 3538 τις
452 3469 570 3549 πόρνος,
586 3463 759 3552 ἢβὲβηλος,
776 3462 818 3539 ὡς
828 3460 936 3541 Ἠσαῦ,
952 3465 987 3538 ὃς
1002 3464 1065 3530 ἀντὶ
1085 3468 1226 3552 βρώσεως
1236 3476 1307 3552 μιᾶς

140 3570 271 3637 ἀπέδοτο
287 3574 324 3634 τὰ
333 3576 522 3655 πρωτοτόκια
531 3566 633 3636 αὑτοῦ.
646 3605 681 3614 -
697 3569 785 3632 Vocis
794 3576 903 3656 πόρνος
913 3572 943 3636 h.
950 3571 969 3633 l.
985 3570 1114 3650 vulgaris
1128 3571 1308 3652 significatio,

140 3677 301 3752 fomioator‚
317 3685 464 3749 scortator,
479 3675 630 3737 retinenda
644 3683 705 3753 est3
727 3684 757 3736 et
771 3678 877 3738 verba:
894 3675 935 3752 ὡς
952 3673 1050 3742 Ἠσαῦ
1074 3679 1221 3739 referenda
1242 3687 1311 3740 sunt

140 3793 258 3846 tautum
272 3785 311 3846 ad
327 3785 470 3871 βέβηλος,
486 3792 516 3844 et
531 3801 590 3845 non
605 3781 695 3844 etiam
711 3783 750 3843 ad
764 3788 887 3867 πόρνος
911 3802 981 3844 nam
997 3785 1033 3844 de
1049 3784 1144 3846 Enoc
1162 3782 1267 3845 nullibi
1281 3783 1312 3844 in

142 3913 165 3954 s.
181 3890 331 3971 Scriptura
347 3890 477 3970 legimus,
493 3909 560 3951 eum
575 3888 662 3951 fuisse
677 3888 893 3964 somicatorem3
910 3892 1043 3975 βέβηλος
1059 3887 1219 3973 (profanus,
1230 3889 1311 3963 levis,

142 4015 290 4060 sacrorum
305 3992 478 4079 contemtor)
490 4006 588 4058 autem
605 3997 684 4058 Esau
694 3995 805 4068 dicitur,
821 3994 890 4075 quia
903 3982 1040 4057 vendidit
1050 3995 1314 4078 primogenituram,

151 4104 234 4167 cuius
248 4123 356 4184 magua
371 4103 506 4184 dignitas,
521 4121 629 4183 magna
643 4102 706 4164 iura
730 4110 821 4176 eraut,
845 4121 978 4182 quaeque
999 4103 1029 4163 in
1050 4111 1134 4182 gente
1149 4101 1316 4164 Abrahemi

144 4229 212 4274 cum
228 4208 467 4293 promissionibus
489 4209 595 4271 divinis
609 4207 761 4274 coniuncta
780 4216 851 4270 erut
867 4244 911 4256 —
927 4207 991 4273 ἀντὶ
1007 4212 1147 4293 βρώσεως
1171 4213 1249 4296 μίας,
1264 4226 1317 4291 pro

148 4316 233 4382 unico
248 4315 352 4391 edulio,
367 4315 451 4378 uuioo
465 4315 587 4392 fereulo;
602 4318 651 4383 etr.
666 4313 741 4379 Gen.
752 4314 858 4382 XXV.
874 4315 926 4382 33.

200 4439 301 4490 Phth,
315 4441 480 4478 mut-rtur.
1126 4417 1161 4472 14
