3064 4894
607 405 732 472 ss¹r⁰¹lfl⁰
749 403 784 456 V·
802 400 828 455 ⁷·
1050 407 1055 418 '
1258 401 1299 467 91

133 585 252 650 ditionis
266 586 440 668 pontificem,
463 585 512 666 qui
527 585 706 648 Iudaeorum
729 583 879 666 pontifices
901 585 1042 664 dignitate
1069 581 1235 663 longissime
1250 599 1302 640 su-

133 703 222 773 peret.
238 731 268 740 -
285 694 355 756 Vox
369 695 452 768 τάξις
462 691 723 772 signilioatseriem,
739 691 877 765 ordinem,
887 691 1024 767 classcm3
1040 689 1142 752 deinde
1150 687 1300 758 rationem,

132 801 259 873 modurn,
275 801 480 873 conditionem
498 800 527 864 h.
545 799 563 865 l.
580 818 634 860 non
650 798 787 871 ordinem,
810 799 859 858 sed
876 797 1017 860 rationem
1039 797 1174 870 denotat;
1196 811 1298 854 sensus

132 917 192 970 est:
217 908 373 970 secundum
404 905 545 968 rationem
578 904 812 977 MelchisedechI‚
839 905 856 965 i.
882 923 905 964 e.
936 901 1166 964 Melchisedecho
1190 897 1302 961 similis.

135 1011 249 1076 Paulus
263 1013 326 1094 ipsc
341 1013 433 1074 serius
449 1011 533 1096 (VII.
553 1012 601 1078 15.
618 1011 683 1076 coll.
700 1030 726 1070 v.
741 1009 803 1093 17.)
820 1011 892 1072 haec
906 1011 1090 1072 verbasensu
1105 1007 1197 1070 allato
1212 1005 1301 1067 inter-

136 1128 275 1200 pretatur,
291 1121 316 1182 si
330 1119 413 1182 dicit:
430 1121 531 1196 ,κατὰ
546 1124 600 1206 τὴν
615 1115 780 1204 ὁμοιότατα
795 1114 1020 1203 Μελχισεδέαξ
1042 1115 1197 1177 seeundum
1219 1110 1301 1174 simi-

135 1225 287 1288 litudinem
312 1225 545 1290 Melchisedechi,
584 1226 664 1286 Deus
679 1224 777 1304 itaque
793 1223 902 1286 verhis:
918 1226 998 1288 κατὰ
1013 1227 1066 1310 τὴν
1082 1221 1163 1296 τάξιν
1178 1217 1300 1304 Μελχι-

134 1333 224 1399 σεδὲκ
249 1333 423 1404 declaravit,
454 1331 602 1392 Christum
629 1331 701 1392 iuter
733 1341 763 1391 et
787 1329 1049 1392 Melchisedechnm
1084 1324 1301 1389 similitudinem

132 1437 313 1502 intercedere.
360 1439 438 1502 Hinc
468 1448 543 1500 recte
581 1439 670 1500 etiam
706 1457 806 1498 omnes
835 1458 872 1498 ss.
904 1436 1007 1498 Patres
1038 1431 1301 1496 Melchisedeohum

133 1555 238 1627 typum
254 1546 365 1608 hahent
381 1543 498 1606 Christi.
525 1543 687 1625 Apostolus
702 1563 766 1624 cap.
781 1544 852 1609 VII.
862 1543 968 1624 plnres,
984 1561 1058 1626 quae
1068 1541 1142 1602 inter
1151 1537 1298 1600 Christum

131 1661 162 1714 et
177 1651 441 1714 Melchisedechum
452 1651 640 1723 intercedunt,
655 1649 859 1712 similitudines
868 1648 1015 1731 proponit3
1031 1646 1186 1729 praecipua
1192 1654 1300 1716 autern,

129 1777 189 1842 qne
205 1755 338 1820 Christus
353 1758 455 1820 merito
471 1767 591 1820 vocatur
613 1759 745 1819 sacerdos
764 1759 802 1819 ad
825 1757 965 1820 rationem
989 1750 1222 1826 Melchisedechi,
1244 1751 1299 1811 oh-

130 1864 204 1926 tinet
219 1865 292 1928 inter
307 1864 476 1928 sacrificium
487 1863 718 1938 eucharisticum,
736 1864 812 1945 quod
828 1861 970 1936 Christus,
986 1871 1016 1924 et
1030 1860 1208 1931 sacrificium,
1224 1856 1300 1940 quod

66 2048 70 2053 .
129 1969 381 2034 Melchisedechns
402 1971 432 2032 iu
447 1991 523 2052 pane
538 1979 569 2031 et
583 1970 651 2032 vino
666 1969 793 2031 institnit
814 1967 892 2053 (coll.
916 1969 990 2032 (len.
1007 1968 1094 2030 XIV.
1121 1969 1160 2034 18
1183 1961 1242 2049 ss),
1258 1962 1300 2024 ita

129 2076 250 2140 utillud
266 2087 341 2140 reete
357 2078 387 2139 in
403 2075 626 2138 Melchisedeohi
642 2075 779 2138 sterilicio
794 2077 1020 2156 praefiguratum
1035 2074 1155 2136 dicatur.

219 2203 247 2248 v.
263 2186 292 2250 l.
305 2179 364 2258 Ὃς
379 2182 411 2248 ἐν
426 2193 492 2258 ταῖς
506 2182 635 2272 ἡμέραις
651 2195 705 2270 τῆς
721 2187 835 2267 σαρκὸς
850 2179 942 2248 αὑτοῦ
959 2185 1074 2271 δεήσεις
1084 2204 1115 2247 τε
1129 2182 1182 2246 καὶ
1197 2176 1298 2266 ἱκετη-

129 2295 197 2376 ρίας
211 2295 287 2375 πρὸς
302 2294 355 2356 τὸν
368 2291 530 2375 δυνάμενον
553 2295 655 2365 σώζειν
680 2287 767 2354 αὐτὸν
792 2289 827 2354 ta
842 2292 980 2354 θανάτου
1003 2293 1079 2374 μετὰ
1101 2298 1237 2376 κραυγῆς
1251 2281 1298 2350 ἰα-

131 2406 231 2482 χινρᾰς
245 2399 299 2462 καὶ
313 2397 452 2482 δααρίνων
466 2402 676 2481 spectatrices,
692 2399 744 2460 aul
760 2394 968 2469 εὶςααοναθεὶς
983 2394 1042 2460 ἀπὸ
1059 2407 1113 2484 τῆς
1130 2389 1297 2476 εἶνλαβεὶας,

129 2537 172 2548 -
188 2503 254 2566 Hoc
278 2520 362 2564 versu
385 2513 415 2564 et
436 2502 624 2583 sequentihus
647 2505 729 2564 docet
753 2501 911 2583 apostolus,
936 2519 1025 2584 qnare
1047 2501 1126 2562 Deus
1149 2498 1297 2562 Christum

129 2607 294 2687 pontiliceru
309 2608 504 2682 constituerit;
529 2608 664 2670 videlicet
679 2618 839 2690 propterea,
862 2618 903 2682 nt,
927 2617 1082 2690 postquam
1104 2605 1246 2669 cruciatus
1268 2612 1298 2664 et

128 2724 252 2776 mortem
269 2733 420 2795 perpessus
435 2724 511 2778 esset
525 2725 613 2798 atque
629 2715 671 2776 ita
685 2714 879 2778 obedientiam
894 2693 957 2778 Deo
973 2713 1164 2796 praestitisset
1185 2711 1225 2796 (v.
1243 2707 1297 2796 8.),

127 2822 166 2881 ad
182 2841 329 2882 summum
345 2821 492 2882 felicitatis
507 2821 654 2902 fastigium
671 2831 788 2884 evectus
803 2821 845 2902 (ν.
861 2821 913 2905 9.),
933 2840 983 2883 rex
1006 2821 1156 2884 hominum
1178 2827 1207 2880 et
1222 2837 1296 2900 pou-

128 2927 201 2989 tifex
217 2927 349 2990 coelestis
364 2927 546 3000 constitutus,
562 2927 704 2990 cultorum
720 2945 836 2990 suorum
853 2937 929 2990 esset
944 2933 1044 3018 σὼτηρ
1060 2926 1100 3012 (ν,
1116 2925 1167 3010 9.).
1177 2923 1296 2984 -Vo-

128 3033 233 3096 cabulo
248 3035 324 3120 σάρξ
340 3033 492 3114 scriptores
506 3033 545 3100 N.
561 3035 594 3100 T.
611 3034 654 3094 ita
669 3045 798 3108 utuntur,
814 3044 848 3096 nt
863 3034 1054 3098 conditionem
1078 3033 1157 3096 vitae
1171 3042 1297 3103 tenuem,

127 3139 253 3220 corporis
277 3140 508 3202 imbecillitatem
533 3149 562 3202 et
594 3140 803 3204 mortalitatem
827 3141 977 3226 omnisque
1007 3139 1118 3224 generis
1142 3138 1297 3210 miseriam,

127 3266 254 3328 quacum
269 3247 401 3310 homines
422 3247 478 3309 hac
500 3246 528 3308 in
552 3247 615 3308 vita
635 3247 844 3324 conflictantur,
866 3247 980 3316 indicet.
1010 3249 1102 3310 Recte
1123 3247 1222 3330 itaque
1236 3244 1295 3306 iam

128 3352 341 3418 wodanem
356 3354 461 3416 verba:
478 3351 509 3418 ἐν
525 3362 590 3428 ταῖς
606 3352 734 3443 ἡμέραις
752 3367 806 3445 τῆς
821 3359 937 3441 σαρκὸς
959 3351 1052 3421 αὑτοῦ
1068 3353 1240 3436 explicavit:
1263 3371 1296 3414 eo

127 3470 266 3540 tempore,
277 3461 357 3540 quod
373 3477 489 3540 corpore
504 3458 621 3522 mortali
637 3459 755 3522 indutus
771 3461 918 3542 transegit.
936 3498 976 3507 -
994 3461 1064 3524 Vox
1078 3458 1213 3548 ἱκετηρία
1235 3458 1296 3522 scil.

126 3563 217 3632 thola
231 3566 279 3627 vel
295 3562 409 3651 ῥάβδος
424 3567 545 3628 denotat
566 3565 679 3648 pmprie
687 3584 802 3629 ramum
811 3567 916 3642 olivae,
931 3587 1018 3650 quem
1027 3568 1152 3650 supplex
1168 3567 1197 3628 in
1207 3585 1296 3630 manu

126 3691 181 3734 sua
195 3673 329 3746 tenebam
346 3673 374 3734 h.
392 3670 472 3758 l.'·(et
486 3671 554 3736 Job.
571 3672 639 3738 XL.
657 3673 721 3754 22.)
737 3684 807 3736 sunt
820 3674 936 3764 διήσεις
946 3671 1130 3764 θῐὶαειῄριαι
1145 3694 1229 3738 voces
1244 3693 1295 3754 sy·

125 3776 277 3854 nonimae3
292 3777 436 3842 indicant:
452 3796 551 3860 preces
567 3778 718 3860 supplices.
738 3817 777 3828 -—
795 3778 921 3852 Quando
936 3779 1069 3844 Christus
1085 3782 1169 3852 hanc,
1185 3782 1220 3842 de
1236 3799 1295 3861 qua

125 3883 254 3965 loquitur
267 3885 426 3966 apostolus,
441 3885 599 3951 orationem
616 3886 754 3948 obtulerit
769 3887 860 3961 Patri,
874 3890 949 3950 dnae
964 3898 1031 3950 suut
1040 3886 1196 3970 opiniones.
1229 3884 1296 3948 Una

125 4000 185 4054 est:
200 3991 367 4073 apostolum
383 3991 461 4072 loqui
477 3993 512 4062 de
528 4011 563 4054 ea
579 3991 686 4054 Christi
696 3993 833 4068 oratione,
848 4014 907 4076 qua
918 3993 1045 4076 passioni
1060 4013 1130 4056 suae
1146 3992 1295 4074 proximus

128 4096 249 4160 Patrem
265 4096 349 4160 tertio
365 4107 499 4179 precatus
514 4107 568 4170 est,
583 4107 624 4171 nt,
647 4098 671 4159 si
693 4099 752 4160 fieri
775 4110 881 4181 posset,
904 4100 1040 4162 transiret
1061 4101 1100 4162 ab
1121 4099 1186 4180 ipso
1208 4097 1294 4161 calix.

124 4200 224 4274 Quam
239 4203 434 4269 orationerna
450 4203 542 4266 tribus
558 4201 744 4286 evangelistis
759 4206 864 4287 (Mtth.
874 4206 995 4270 XXVI.
1007 4209 1058 4274 36.
1069 4227 1121 4280 ss:
1138 4207 1195 4284 Mr,
1205 4203 1294 4270 XIV.

124 4311 176 4376 32.
192 4328 246 4384 ss.;
261 4311 312 4372 Lo.
329 4309 436 4376 XXII.
452 4313 502 4378 39.
513 4317 564 4390 ss.)
579 4311 754 4394 descriptam
770 4314 921 4377 habemus.
947 4311 1007 4382 Qui
1028 4314 1081 4376 etsi
1100 4314 1293 4394 lacrymarum

124 4435 182 4477 nnn
198 4414 389 4488 memInerint‚
405 4424 502 4478 tamen
519 4416 681 4480 verosimile
704 4427 756 4491 est,
780 4418 924 4500 lacrymas
948 4439 1005 4487 nou
1028 4402 1163 4492 defuisse,
1178 4421 1295 4507 quando
