3064 4894
545 325 670 402 οιρωιορ
688 324 748 378 vn.
767 321 881 372 ιο-ιι.
1222 325 1283 390 123

114 504 241 568 serdotio
256 503 385 567 Levitieo
400 510 581 578 eontentum;
597 500 705 590 ἐντολή
721 504 986 582 autemabrogetur
1001 503 1051 566 διὰ
1067 505 1100 566 τὸ
1117 498 1211 590 αιίτῆς
1226 499 1283 566 ἆσ-

115 615 215 686 θενές,
231 621 349 692 propter
364 611 426 672 eius
441 607 648 679 infimitatem,
664 608 733 687 quie
747 607 892 688 impotens
906 617 970 670 erat
984 610 1022 670 ad
1038 609 1183 670 hominem
1199 607 1284 668 iusti-

115 719 270 790 ficandum‚
286 727 316 778 et
331 718 380 782 διὰ
395 721 428 780 τὸ
445 711 539 802 αὐτῆς
555 713 718 800 ἀνωφελές,
736 723 852 794 propter
866 714 927 776 eius
942 713 1138 784 inutilitatem,
1155 713 1223 794 quia
1240 714 1284 774 iu-

116 823 321 887 stificationem
338 823 453 884 elfieere.
469 840 526 883 non
550 829 665 902 poteret
687 819 748 902 (eli.
770 821 855 882 Rom.
871 822 957 884 VIII.
974 822 1003 886 3.
1020 818 1088 882 Gal.
1103 821 1158 884 IV.
1175 818 1226 902 9.).
1241 853 1283 866 ·-

114 932 230 994 Auctor
246 929 346 992 scribit
362 925 456 999 οὒδὲν,
471 947 534 1008 gen·
551 936 651 1000 neutr,
667 927 744 1007 quie,
761 937 793 988 ut
816 926 874 988 iarn
891 924 1141 1010 Theophylactus
1163 925 1284 998 noterit,

117 1057 209 1118 genus
218 1045 360 1108 neutrum,
370 1034 483 1116 plenius
492 1035 687 1096 omnimodam
698 1033 947 1096 universalitatem
957 1032 1108 1114 signifieat.
1118 1071 1151 1082 ψ
1165 1029 1285 1117 ὁνόμος

117 1146 238 1206 denotet
260 1141 445 1221 complexum
466 1141 593 1201 omnium
617 1141 721 1202 veteris
745 1139 926 1204 oeconomiae
956 1143 1168 1212 mandaterum,
1191 1148 1283 1200 totale

120 1251 214 1332 legem
231 1249 399 1310 Mosaieane
415 1282 458 1291 -
475 1246 524 1308 Ad
546 1245 731 1336 ἐπεισαγωγὴ
755 1248 788 1312 δὲ
812 1249 999 1328 repetendum
1015 1256 1060 1308 est
1081 1267 1118 1308 ex
1141 1267 1167 1307 v.
1191 1263 1283 1326 praee.

113 1363 241 1440 γίνεται;
258 1355 445 1441 ἐπεισαγωγὴ
455 1361 554 1414 eutem
564 1352 720 1432 significet:
736 1353 983 1426 introductionem,
993 1354 1182 1416 aoeessionern
1193 1371 1285 1414 novae

115 1462 239 1524 alieuius
254 1461 302 1522 rei.
333 1461 399 1522 Ηοο
415 1479 492 1530 voce,
508 1479 564 1544 hon
581 1459 723 1522 venabulo
739 1456 896 1546 τὶσαγωγή,
913 1481 982 1520 usus
997 1468 1042 1520 est
1050 1459 1200 1540 apostolus
1214 1479 1285 1520 eon-

119 1567 270 1632 cinnitatis
285 1587 380 1638 eausa,
396 1566 464 1646 quia
480 1586 508 1628 v.
524 1583 616 1646 praec.
631 1565 759 1626 dixerat:
774 1571 951 1651 προάγουσα
960 1563 1085 1652 emim
1101 1583 1194 1626 sermo
1208 1565 1285 1626 enirn

115 1683 163 1736 est
177 1677 213 1736 de
228 1672 362 1752 religione
378 1671 536 1734 christiane
551 1679 618 1752 post
633 1670 723 1751 legem
732 1672 892 1734 Mosaiem
907 1671 1078 1734 introducta.
1105 1670 1284 1752 Praepositio

115 1789 216 1844 autent
233 1778 280 1844 ἐπί
295 1778 382 1839 etiem
399 1778 427 1838 in
445 1777 540 1840 verbis
555 1777 719 1858 eompositis
742 1795 802 1840 rem
818 1787 901 1840 notet
917 1779 1101 1858 postmodum
1117 1779 1234 1850 factem,
1256 1787 1285 1838 el

112 1887 189 1949 idern
206 1886 294 1956 velet,
310 1888 385 1966 quod
403 1891 478 1971 pst&
493 1883 533 1968 (v.
551 1885 602 1952 28.
610 1897 624 1944 t
644 1920 683 1928 -
701 1883 776 1964 Spes
790 1883 935 1964 religionis
951 1883 1125 1946 christianae
1140 1888 1280 1968 κρείττων

112 1993 201 2066 ἐλπίς
216 2002 343 2063 vocatur,
360 1991 429 2072 quie
444 1990 577 2052 Christus
593 1990 709 2052 realiter
724 1991 841 2062 confert
856 1992 931 2069 quod
949 2007 999 2072 per
1013 1999 1138 2052 veterem
1155 1987 1283 2051 ordinem

112 2099 297 2162 solummodo
312 2099 556 2172 adumbrabatur3
581 2096 641 2158 soil.
657 2095 914 2160 resoneiliationenr
931 2105 960 2157 et
976 2096 1108 2160 unionem
1126 2115 1191 2158 cum
1206 2095 1284 2156 Deo:

111 2203 151 2270 δι’
166 2205 205 2294 ἧς
220 2205 371 2290 ἐγγίζομεν
387 2216 429 2289 τῷ
444 2201 510 2288 Θεῷ
527 2200 591 2289 (cir.
607 2203 670 2264 Jae.
687 2204 741 2267 IV.
759 2201 813 2288 8.).

203 2309 351 2374 Christum
367 2329 514 2372 summum
531 2310 696 2390 pontifieem
711 2311 748 2372 ed
763 2311 905 2372 rationem
921 2309 1156 2384 Melchisedech,
1169 2309 1285 2372 Judae-

110 2437 193 2480 0rum
211 2417 359 2498 pontifioes
377 2415 540 2498 longissime
549 2434 693 2498 superare,
709 2416 859 2498 spostolus
869 2437 945 2480 nune
960 2417 1053 2478 tribus
1070 2418 1177 2497 probat
1192 2415 1283 2478 retio-

111 2544 182 2584 num
200 2523 370 2588 momentis:
570 2597 579 2618 ο

206 2627 237 2712 l)
253 2632 333 2693 Deus
350 2628 457 2690 Christi
481 2629 671 2692 sseerdotium
694 2631 901 2694 iureiurando
924 2631 1105 2716 ιἰιιαγιοοίιο
1129 2628 1283 2700 stabilivit,

110 2739 189 2818 quod
212 2735 392 2798 Iudaeorum
415 2735 596 2816 pontificibus
619 2756 675 2798 non
702 2735 828 2816 contigit,
851 2735 881 2798 hi
904 2735 1027 2817 simplici
1049 2736 1112 2816 lege
1134 2735 1281 2798 constituti

110 2854 181 2904 sunt
196 2839 371 2924 (io-22).

202 2951 235 3031 2)
252 2949 423 3010 Sacerdotes
442 2951 481 3009 ab
496 2947 623 3012 Aerenis
638 2949 727 3030 stirpe
742 2947 853 3010 oriundi
873 2959 1022 3030 perpetuo
1052 2969 1180 3014 munere
1202 2950 1280 3032 iungi

110 3066 206 3118 morte
222 3053 430 3135 impediuntur;
446 3055 637 3117 secerdotium
652 3065 751 3116 autern
769 3054 885 3128 Christi,
908 3057 957 3137 qui
980 3065 1117 3137 perpetuo
1133 3055 1215 3130 vivit,
1237 3067 1281 3119 est

110 3173 261 3224 aeternum
280 3159 457 3244 (23—25s.

201 3265 235 3351 3)
253 3265 386 3328 Christus
401 3267 537 3329 vitiorum
553 3268 619 3328 labe
636 3289 692 3329 nori
714 3269 929 3332 contaminatus
951 3289 1068 3332 necesse
1089 3289 1151 3330 non
1174 3271 1281 3330 hebuit

107 3398 168 3457 pro
184 3377 251 3438 stris
262 3377 399 3458 peccatis
414 3376 573 3457 sacrificia
589 3380 709 3460 offerre,
731 3377 782 3436 sed
797 3375 984 3456 semetipsum
1000 3377 1062 3450 Dee
1077 3377 1200 3452 obtulit3
1223 3375 1280 3438 Ju-

109 3484 249 3544 deeorunr
264 3491 363 3543 contra
379 3481 528 3560 pontifices
543 3479 667 3561 primum
684 3499 736 3562 pro
751 3481 818 3557 suis,
834 3483 899 3544 dein
915 3501 966 3564 pro
977 3482 1076 3564 populi
1091 3483 1216 3565 peccatis
1230 3503 1280 3544 re-

109 3587 234 3651 crificere
250 3587 357 3649 debent
373 3586 549 3670 (26-28.).

200 3715 227 3754 v.
244 3695 295 3758 20.
310 3689 375 3757 Καὶ
389 3691 466 3758 καθ’
482 3693 552 3759 ὅσον
574 3691 608 3760 οὐ
633 3700 730 3781 χωρὶς
753 3693 947 3782 ὁρκωμοσίας
969 3693 1011 3780 (οἱ
1034 3702 1087 3784 μὲν
1109 3702 1168 3782 γὰρ
1184 3701 1280 3784 χωρὶς

110 3800 305 3888 ὁρκωμοσίας
321 3797 392 3864 εἰσὶν
408 3797 495 3884 ἱερεῖς
510 3797 672 3884 γεγονότες,

203 3927 230 3968 v.
248 3907 298 3970 21.
316 3903 332 3970 ὁ
349 3909 381 3970 δὲ
398 3911 473 3992 μετὰ
482 3905 675 3994 ὁρκωμοσίας
685 3909 733 3972 διὰ
750 3919 802 3972 τοῦ
813 3893 1147 3992 λέγοντοτπρὸςαότόν·
1162 3906 1279 3996 Ὤμοσε

113 4019 229 4098 ιιὺριος,
252 4017 305 4077 καὶ
329 4009 363 4077 οὗ
387 4017 680 4102 μεταμεληθήσεται·
712 4017 748 4078 σὺ
772 4013 867 4101 ἱερεὺς
889 4012 931 4080 εἰς
954 4019 1003 4080 τὸν
1023 4013 1116 4080 αἰῶνα
1130 4021 1209 4082 κατὰ
1225 4022 1287 4105 τὴν,

109 4122 191 4195 τάξιν
211 4118 425 4207 Μελχισεδέκ),
1186 4187 1189 4192 Α
1275 4115 1277 4120 ’

197 4246 224 4286 v.
242 4227 293 4294 22.
308 4230 388 4292 κατὰ
402 4237 527 4292 τοσοῦτο
542 4232 711 4312 κρείττονος
720 4229 875 4315 διαθήκης
890 4236 1008 4312 γέγονεν
1019 4229 1126 4312 ’έγγοος
1138 4225 1270 4314 Ἰησοῦς.

108 4367 151 4381 -
167 4331 208 4396 Hi
224 4342 283 4394 tres
297 4350 396 4393 versus
412 4353 502 4395 unem
517 4342 632 4396 tentum
647 4335 829 4397 constituunt
851 4336 1009 4419 periodum,
1032 4337 1112 4400 euius
1134 4338 1279 4400 sententie
