3064 4894
503 329 663 395 Pmphruis
688 328 736 380 Vl.
755 327 853 378 9-20.

504 507 855 590 Paraphrasis.

545 614 823 697 capris-20.

188 759 232 820 De
247 757 331 820 vobis
346 767 453 830 autem,
471 756 640 833 charissimi,
662 756 783 819 meliora
797 775 953 838 persuasus
975 775 1054 832 snm;
1072 767 1165 820 certus
1189 775 1263 830 sum,

100 867 169 938 fore,
184 873 218 926 ut
232 879 285 926 vos
299 864 329 925 iu
344 863 503 944 cognitione
518 864 662 945 religionis
671 864 700 924 in
716 864 778 925 dies
786 863 950 944 proficiatis,
965 883 1029 926 eam
1037 863 1267 926 constantissime

98 970 293 1052 profiteamini
309 979 397 1051 atque
412 971 453 1032 sic
468 969 587 1032 alterius
601 969 681 1032 vitae
690 969 858 1033 felicitatem
868 969 1037 1051 impetretis,
1053 971 1121 1033 lieet
1135 971 1166 1032 in
1180 979 1266 1032 ante-

99 1077 204 1158 gressis
219 1076 308 1157 paulo
323 1075 423 1138 durius
438 1095 491 1138 vos
505 1076 699 1142 tractaverim.
729 1077 809 1138 Deus
825 1076 902 1137 enim
924 1096 981 1138 non
1005 1085 1052 1139 est
1070 1076 1203 1150 iniustus,
1223 1076 1268 1138 ita

98 1193 133 1245 ut
148 1203 206 1245 nou
220 1192 417 1244 remuneretur
431 1192 560 1244 vestram
574 1181 677 1263 agendi
692 1182 834 1245 rationem
850 1201 1042 1264 amoremque,
1057 1203 1144 1264 quem
1159 1183 1268 1264 pietate

101 1307 170 1371 erga
186 1307 252 1350 eum
268 1289 348 1352 ducti
363 1289 556 1370 praestitistis,
580 1290 649 1350 dum
676 1288 897 1351 christianorum
919 1289 1075 1352 commodis
1097 1289 1266 1352 inserviistis

100 1407 130 1457 et
145 1395 297 1458 inservitis.
329 1393 421 1477 Cupio
436 1413 504 1458 vero
519 1394 617 1470 etiam,
633 1404 667 1458 ut
681 1395 877 1479 unusquisque
892 1406 1021 1458 restrum
1046 1397 1124 1459 idem
1140 1398 1268 1458 studium

102 1504 244 1564 bonorum
260 1519 381 1582 operum
397 1503 574 1564 demonstret
588 1501 618 1562 iu
634 1501 793 1564 certissima
807 1501 912 1563 salutis
934 1522 985 1583 spe
1007 1505 1045 1564 ad
1069 1505 1155 1566 finem
1179 1522 1269 1584 usque

102 1609 182 1671 vitae
196 1608 385 1682 retinendam,
400 1629 436 1668 ne
452 1607 527 1669 tardi
542 1607 711 1680 reddamini,
727 1609 777 1669 sed
791 1606 942 1670 imitemini
959 1627 1016 1682 eos,
1031 1609 1080 1688 qui
1096 1608 1201 1671 fiducia
1216 1629 1270 1670 sua

99 1735 138 1778 ac
155 1715 299 1797 patientia
314 1716 457 1796 promissa
478 1713 578 1776 divina
600 1713 742 1776 consecuti
764 1724 840 1778 suut.
870 1715 958 1787 Nam,
980 1724 1014 1775 ut
1035 1735 1092 1776 uno
1113 1717 1270 1797 eodemque

102 1821 273 1904 gravissimo
284 1821 404 1884 fiduciae
420 1842 454 1882 ac
463 1819 622 1902 patientiae
629 1821 770 1902 probatae
780 1820 914 1902 exemplo
923 1829 997 1894 utar,
1013 1817 1186 1883 Abrahamo
1202 1839 1271 1903 pro-

102 1927 268 1990 missionem
284 1929 405 1990 daturus
412 1928 500 2002 Deus,
516 1946 581 1990 oum
596 1943 648 2008 per
657 1926 841 1988 excelsiorem
860 1925 954 1988 iurare
969 1947 1026 1989 non
1041 1938 1148 2008 posset,
1162 1926 1271 1989 iuravit

101 2052 152 2114 per
168 2034 365 2116 semetipsum,
381 2035 454 2097 haec
468 2031 818 2114 certissimepromittens:
835 2043 909 2095 certe
925 2035 1115 2096 tefortuuabo
1125 2043 1271 2117 posteros-

102 2160 157 2223 que
173 2139 282 2203 multcs
297 2140 353 2202 tibi
369 2139 510 2202 excitabo.
541 2139 641 2222 Atque
656 2139 699 2200 ita
714 2138 905 2201 Abrahamus
914 2161 980 2201 eum
989 2140 1133 2222 patienter
1148 2161 1270 2222 exspec-

104 2255 205 2320 tasset,
221 2246 286 2328 ipsa
301 2249 378 2308 bona
393 2246 536 2328 promissa
550 2255 718 2308 consecutus
733 2255 785 2308 est.
815 2245 957 2308 Homines
972 2243 1089 2327 quidem
1111 2266 1162 2329 per
1176 2249 1272 2310 Deum

101 2353 208 2426 iurant,
224 2362 254 2414 et
268 2351 466 2414 iusiurandum
482 2361 527 2414 est
548 2351 614 2414 finis
636 2353 730 2415 omnis
759 2353 834 2413 inter
855 2371 904 2414 eos
925 2353 1158 2416 contradictionis
1181 2365 1210 2415 et
1234 2356 1273 2416 ad

100 2462 189 2522 fidem
204 2459 364 2522 faciendam
383 2461 476 2522 datur.
508 2459 666 2541 Propterea
681 2478 746 2522 cum
762 2458 878 2540 gravirm
893 2479 982 2540 quam
1005 2459 1128 2541 simplici
1144 2461 1273 2542 promis-

101 2567 181 2629 sione
196 2567 345 2628 estendere
360 2565 452 2628 vellet
467 2567 546 2627 Deus
560 2565 605 2640 iis,
620 2567 657 2626 ad
675 2585 747 2647 quos
762 2566 913 2646 promissio
923 2565 1095 2646 pertinebat,
1111 2566 1271 2628 voluntatis

102 2693 175 2734 snae
197 2670 476 2744 immutabilitatem,
505 2671 702 2752 promissionis
725 2671 879 2734 veritatem
901 2672 1057 2754 spopondit
1078 2673 1270 2747 iureiurando,

105 2787 139 2840 ut
154 2796 205 2858 per
220 2780 294 2840 duas
307 2795 353 2840 res
367 2777 575 2851 immutabiles,
591 2797 666 2858 quae
682 2797 747 2839 cum
763 2778 869 2852 adsint,
890 2777 1069 2859 impossibile
1089 2785 1134 2840 est
1158 2777 1272 2840 mentiri

102 2887 208 2956 Deum,
223 2883 422 2946 firmissimum
436 2884 586 2965 capiamus
601 2883 748 2958 solatium,
771 2904 832 2957 nos,
856 2883 905 2964 qui
928 2884 1108 2964 confugimus
1130 2887 1168 2947 ad
1189 2904 1273 2966 spem

104 2991 190 3053 uobis
205 2989 340 3064 infusam,
356 3010 443 3072 quam
460 2999 603 3072 tanquam
625 3009 759 3053 ancoram
782 2991 925 3052 habemus
946 2990 1061 3052 animae
1083 3001 1113 3052 et
1134 3000 1275 3054 tutemet

106 3097 232 3170 firmam,
248 3096 458 3178 pertingentem
468 3097 718 3178 usqueincoelum
728 3096 832 3179 ipsum,
848 3097 944 3178 quoin
954 3106 1084 3160 nostrum
1094 3100 1276 3162 commodum

109 3204 189 3287 prior
203 3203 287 3266 nobis
301 3203 423 3264 intravit
440 3203 461 3264 J
462 3223 535 3277 esus,
551 3203 601 3284 qui
616 3204 748 3284 pontifex
757 3212 912 3285 perpetuus
922 3212 967 3265 est
980 3205 1120 3268 factusad
1135 3204 1275 3267 rationem

103 3309 339 3374 Melchisedeuhi.

611 3423 722 3480 sectio
746 3423 775 3478 5.

103 3559 301 3622 Christum
332 3577 417 3620 esse
447 3559 683 3620 sacerdotem
711 3557 822 3620 iuxta
849 3558 1034 3621 rationem
1068 3558 1274 3622 Melchise-

479 3665 591 3727 dechi
612 3667 913 3728 demonstratur.

542 3769 615 3853 Gap.
633 3771 837 3876 m.1—28.

199 3913 272 3978 Post
287 3914 404 3995 longam
420 3911 624 3994 digressionem
645 3913 719 3975 redit
742 3911 893 3994 apostolus
915 3913 953 3974 ad
974 3911 1013 3986 id,
1035 3913 1111 3992 quod
1136 3910 1278 3974 dicturum

106 4044 138 4087 se
154 4021 326 4106 promiserat
343 4021 395 4105 (V.
415 4022 463 4086 10.
479 4019 546 4082 coll.
562 4020 615 4082 VI.
632 4016 693 4103 3.):
710 4017 861 4081 Christum
876 4038 937 4080 esse
959 4017 1063 4080 salutis
1079 4027 1193 4079 nostrae
1208 4038 1279 4080 auc-

106 4143 200 4193 torem
216 4136 317 4208 utpote
332 4126 499 4208 pontificem
514 4127 552 4188 ad
567 4125 709 4188 rationem
724 4124 948 4187 Melchisedeohi
964 4145 982 4186 a
997 4125 1059 4187 Deo
1081 4123 1279 4198 constitutum,

105 4238 237 4316 adeoque
261 4232 356 4294 multo
380 4231 619 4313 praestantiorem
635 4231 820 4312 pontificibus
842 4231 1029 4294 Judaeorum.
1063 4231 1150 4292 Hanc
1172 4229 1280 4294 Christi

106 4338 322 4426 praestantiam
337 4340 586 4402 demonstraturus
600 4338 750 4420 apostolus
759 4337 885 4418 primum
900 4337 1034 4412 ostendit,
1049 4346 1192 4420 quantum
1201 4337 1281 4400 Mel-

162 4467 178 4502 1’
186 4463 234 4501 ‘ne
242 4464 264 4510 k,
278 4465 442 4502 Commentariun.
1104 4440 1122 4496 8
