3094 4892
237 259 280 324 24
667 258 708 307 ua
725 265 824 309 ancora
843 258 968 323 auara.

241 445 341 497 manen
356 446 472 516 praeter
493 436 562 508 alia,
584 438 660 516 quod
683 446 794 496 veteres
815 438 851 498 de
872 435 937 498 Sila
960 436 1100 516 epistolae
1122 434 1267 498 conditore
1290 451 1414 514 prorsus

238 541 332 616 silent
347 545 480 624 quodque
496 542 583 604 huius
598 542 763 623 eloquentia
777 541 807 604 in
823 541 904 604 libris
919 543 957 603 N.
968 543 1002 603 T.
1019 561 1168 623 nunquam
1184 539 1361 620 laudatur.²)

329 645 360 732 g)
376 651 538 729 Ingenuosa
553 669 666 729 quoque
681 658 726 709 est
740 647 844 729 opinio,
854 648 1069 731 Apollonium,
1078 649 1099 710 J
1100 644 1411 716 udam-christianum,

240 755 387 818 hominem
403 756 594 840 eloquentem,
609 755 712 835 insigni
730 752 811 838 (Act
821 755 941 816 XVIII.
951 753 1016 835 24.)
1034 755 1133 816 literas
1142 775 1178 816 ss.
1195 751 1408 833 interpretandi

238 861 378 922 facultate
394 861 557 942 praeditum
571 870 659 940 atque
674 860 761 922 Pauli
775 860 805 921 in
820 861 967 922 condenda
974 858 1188 922 Corinthiorum
1203 857 1323 920 ecclesia
1337 877 1410 920 ooo·

243 977 415 1048 paraturam,
448 966 602 1047 epistolam
626 975 755 1027 nostram
787 967 989 1046 composuisse.
1025 967 1137 1028 Verum
1162 975 1260 1026 tamen
1286 974 1316 1024 et
1339 963 1412 1024 huic

241 1073 368 1153 opinioni
383 1089 454 1154 prae
469 1071 569 1134 ceteris
585 1073 754 1133 adversatur
770 1071 862 1152 primo
871 1071 1018 1134 silentium
1027 1071 1219 1152 antiquitatis,
1234 1089 1300 1132 cum
1310 1069 1413 1132 nullus
1468 1079 1476 1084 '

241 1188 371 1240 veterum
387 1177 522 1240 ecclesiae
538 1179 694 1250 doctorum,
710 1177 815 1257 quihus
830 1188 929 1239 tamen
944 1165 1120 1259 llpollonius
1140 1197 1197 1239 non
1211 1177 1307 1238 minus
1322 1184 1413 1237 notus

241 1285 336 1354 luerit
352 1303 440 1365 quam
451 1285 555 1357 Lucas,
564 1285 718 1345 Barnabas
733 1293 763 1344 et
772 1281 906 1346 Clemens
921 1285 1016 1357 Rom,
1032 1304 1098 1346 eum
1107 1284 1247 1364 epistulae
1261 1291 1412 1344 auctorem
1527 1341 1528 1344 ,

240 1389 391 1465 habuerit3
408 1390 509 1452 deinde
525 1391 652 1452 defectus
668 1389 790 1452 alicuius
799 1389 966 1463 testimonii,
982 1410 1038 1470 quo
1055 1399 1205 1471 appareat,
1215 1388 1410 1470 Apollonium

242 1495 400 1576 aliquando
415 1496 615 1558 Palaestinam
631 1495 734 1558 adiisse
749 1505 780 1557 et
794 1497 922 1559 coetibus
931 1495 1151 1558 christianornm
1166 1496 1207 1558 ibi
1217 1494 1411 1557 existentibus
1527 1515 1528 1528 ¹

182 1639 188 1649 ·
244 1602 406 1665 accuratius
420 1603 617 1684 innotuisset)
1527 1649 1528 1684 p

331 1706 366 1792 h)
381 1709 444 1772 Alii
459 1711 556 1773 adhuc
569 1729 651 1790 opus,
667 1710 774 1789 dequo
797 1708 971 1782 disserimus,
986 1708 1154 1771 adscribunt
1174 1707 1272 1788 ignoto
1294 1707 1411 1770 cuidam
1527 1785 1528 1790 ἵ

242 1815 463 1880 Alatoadra'no
480 1815 658 1878 eJudaiemo
672 1816 711 1876 ad
721 1813 829 1876 Christi
845 1824 940 1876 eastra
948 1824 1132 1895 transgresso,
1147 1813 1318 1876 auctoritate
1333 1832 1411 1893 qua·
1527 1859 1528 1872 ,

242 1922 311 1982 dam
326 1923 405 2002 apud
420 1921 592 1983 christianos
606 1920 686 1981 illius
701 1920 837 2000 temporis
853 1919 956 2000 Insigni
971 1929 1001 1981 et
1015 1919 1101 1982 Pauli
1116 1919 1264 2000 discipulo,
1286 1939 1411 2000 quocum

243 2029 320 2107 quod
334 2027 399 2107 ipsa
414 2027 561 2088 doctriuae
576 2025 673 2106 capita
688 2025 718 2086 in
733 2025 858 2111 epistola
880 2027 918 2087 ad
932 2027 1083 2088 Hebraeos
1097 2035 1273 2106 pertractata
1294 2025 1411 2097 attinet,
1527 2099 1528 2104 ἵ

243 2150 358 2213 prorsus
373 2132 578 2195 consentiebat.
609 2131 669 2192 Ast
683 2130 848 2192 mirandum
863 2151 933 2193 sane
948 2135 1092 2212 quomodo
1101 2132 1239 2195 eiusmodi
1249 2131 1411 2195 coniectura

244 2238 310 2300 oriri
325 2240 469 2319 fidemque
484 2237 613 2299 invenire
629 2245 751 2318 poterat,
767 2255 832 2299 cum
848 2239 913 2318 ipsa
928 2238 1047 2300 ecclesia
1061 2238 1272 2312 Alexandrina,
1287 2257 1345 2300 non
1354 2239 1410 2300 oh-

246 2353 343 2406 stante
358 2365 401 2416 ea,
417 2362 506 2425 quam
521 2354 633 2405 mature
649 2343 845 2424 deprehendit,
861 2344 1000 2425 epistulae
1014 2345 1101 2406 huius
1116 2365 1135 2405 a
1149 2344 1281 2405 Pauliuis
1302 2342 1410 2406 discre-

245 2451 355 2530 pantia,
371 2449 574 2534 antiquissima
583 2449 725 2511 Paulinae
734 2450 795 2512 eius
804 2449 920 2530 originis
929 2449 1095 2514 testimonia
1105 2449 1187 2512 nobis
1202 2449 1375 2530 suppeditet
1382 2446 1409 2534 3)

335 2554 369 2640 2)
386 2557 500 2620 Altero
516 2557 700 2639 hypothesis,
716 2577 790 2638 quae
806 2557 936 2638 inprimis
956 2556 1055 2618 multis
1071 2557 1160 2618 nostri
1175 2556 1239 2618 aevi
1254 2555 1410 2636 Theologis

245 2683 260 2722 e
276 2661 483 2725 catholicorum
505 2662 607 2725 castris
630 2663 734 2743 placet,
756 2673 815 2724 est:
838 2665 1007 2726 sententias
1022 2664 1146 2743 quidem
1159 2665 1195 2726 ia
1210 2663 1342 2745 epistola
1357 2682 1409 2726 oc-

245 2777 404 2831 currentes
420 2789 484 2832 esee
498 2768 609 2847 Pauli,
625 2771 827 2850 scriptionem
841 2789 922 2844 uero,
945 2789 1020 2849 quae
1034 2768 1093 2830 iam
1109 2769 1138 2830 in
1154 2769 1335 2849 autographo
1349 2767 1410 2830 alia

246 2894 304 2936 nou
320 2873 414 2946 luerit,
429 2893 518 2954 quarn
534 2892 643 2954 graeca,
660 2875 793 2938 alterins
815 2875 978 2949 cuiusdam;
1002 2875 1089 2936 huius
1110 2874 1240 2936 lahorem
1261 2875 1409 2954 approba-

244 2981 349 3042 tionem
360 2980 484 3060 apoetoli
495 2980 603 3052 tulisse,
613 2980 662 3060 qui
672 2982 730 3040 fors
739 2979 828 3041 etiam
839 3001 882 3055 ea,
898 3001 972 3063 quae
982 2981 1012 3040 in
1022 2979 1134 3060 epilogo
1143 2979 1284 3059 legantur,
1295 2979 1409 3059 propria

246 3105 335 3146 manu
352 3085 495 3146 addiderit
516 3086 564 3146 vel
586 3085 653 3146 addi
669 3085 799 3159 iusserit3
822 3097 851 3148 et
875 3096 1028 3167 propterea
1048 3087 1124 3147 hanc
1146 3086 1300 3166 epistolam
1323 3105 1409 3146 sensu

245 3191 342 3252 latiori
357 3190 474 3252 omnino
484 3191 639 3254 Paulinam
650 3191 793 3272 appellari
809 3213 901 3272 posse,
911 3192 984 3254 sicut
999 3212 1026 3255 v.
1036 3213 1058 3254 c.
1068 3191 1160 3253 Marci
1177 3211 1250 3272 opus
1259 3212 1278 3252 a
1287 3191 1408 3274 quibus-

340 3382 358 3450 ¹)
380 3383 515 3434 Silanorum
539 3391 663 3435 auctorem
689 3399 727 3449 ep.
760 3385 800 3434 ad.
828 3385 905 3434 Hebr.
930 3391 1084 3451 agnoverunt
1108 3382 1218 3433 Baalim
1243 3391 1268 3433 et
1295 3383 1408 3452 Mpnstar

248 3471 350 3541 (Kleine
370 3473 438 3523 theol
467 3472 599 3524 Schriften.
625 3473 798 3539 Kopenhagen
825 3471 900 3522 1825.
925 3471 960 3522 St.
980 3471 1013 3520 91
1034 3473 1059 3521 ff.
1085 3472 1136 3520 und
1154 3470 1259 3522 Studien
1283 3473 1334 3522 und
1351 3471 1408 3523 Kri-

245 3562 317 3611 tiken
338 3559 414 3612 1829.
433 3563 489 3615 Hit.
510 3560 548 3626 2.)
568 3568 592 3610 et
610 3560 702 3610 araim
721 3559 863 3628 (Lehrhegr.
883 3562 925 3610 des
943 3561 1091 3610 Hehrherbr.
1109 3560 1143 3608 Π.
1162 3559 1196 3613 St.
1217 3557 1289 3628 893).

336 3648 357 3716 ²)
377 3649 512 3714 Apollonio
538 3651 609 3714 epist.
635 3649 667 3698 ad
694 3650 821 3699 Hebraeos
845 3650 1022 3698 attribuerunt:
1048 3646 1149 3697 Lethes·
1173 3647 1275 3717 (Werke
1300 3651 1373 3700 Ausa.
1392 3667 1407 3698 v

257 3737 345 3788 Waot
363 3739 420 3788 XII.
440 3737 476 3788 St.
498 3734 591 3805 1996);
614 3735 727 3786 Clericus
751 3737 854 3805 (adnott.
882 3738 913 3786 ad
937 3736 1080 3786 Hammond
1100 3736 1138 3786 ·N.
1157 3738 1185 3786 Τ.
1204 3738 1243 3786 ed.
1262 3735 1287 3787 2.
1305 3755 1330 3803 p.
1347 3735 1408 3788 436.

245 3824 334 3896 499.);
354 3825 491 3876 Haemona
510 3823 680 3894 (schediasma
693 3826 723 3874 de
735 3827 803 3874 libr-le
815 3841 932 3888 anonym.
951 3831 976 3874 et
992 3825 1153 3890 pseudonym.
1166 3825 1222 3875 Jen.
1238 3821 1314 3874 1711.
1327 3843 1352 3890 p.
1365 3823 1406 3877 38.

242 3915 297 3983 ss.);
324 3913 425 3979 Ziepler
455 3912 545 3981 (vollst.
568 3914 634 3963 Einl.
662 3914 688 3962 ln
707 3913 731 3962 d.
758 3914 905 3962 Hehrtterbr.
939 3911 977 3963 St.
1004 3911 1089 3976 255.];
1124 3911 1236 3963 stadem
1270 3911 1344 3980 (llinl.
1370 3913 1405 3968 St.

245 3999 580 4071 554.);Ferrm0m(nin1.
600 3999 636 4050 St.
656 3997 744 4069 375.);
770 3999 893 4058 Quadcka
918 4000 993 4070 (Einl.
1013 3999 1050 4051 St.
1069 3999 1153 4070 441.);
1178 4000 1332 4052 Laconum
1350 4003 1366 4052 1.
1385 4019 1406 4057 c.

244 4089 282 4141 St.
301 4088 336 4138 33
355 4092 397 4149 ff.;
415 4088 438 4138 J.
458 4088 491 4138 H.
511 4089 597 4140 Karta
615 4089 790 4157 (commentor,
808 4088 891 4139 Mitau
911 4085 991 4151 1869)
1012 4096 1058 4140 ete.

333 4175 353 4245 ⁸)
374 4177 461 4242 Iyaoto
479 4176 583 4226 caldam
601 4177 782 4228 noemam
799 4179 941 4230 adscribunt
959 4179 1030 4246 splot.
1058 4178 1090 4228 ad
1108 4177 1248 4230 Hebraeos:
1274 4177 1405 4230 marum

197 4293 201 4304 ·
238 4263 374 4334 διψῶ,
394 4262 541 4317 Nautaka
559 4273 584 4317 et
602 4267 653 4320 alii.
