3094 4892
267 283 312 352 52
688 281 850 348 manaa·
867 282 888 334 r.
906 281 1005 336 4-14.

266 479 366 524 omnes
380 471 448 524 actu
463 460 624 534 mittantur,
638 471 707 524 sunt
722 461 798 522 enim
814 461 1047 534 innumerabiles,
1072 463 1123 524 sed
1145 465 1222 542 quod
1246 462 1392 524 destinati
1415 475 1442 523 et

268 577 381 650 praesto
396 568 454 630 nint
468 568 506 628 ad
522 567 576 630 Dei
592 577 695 629 nutum
711 579 785 630 etse
801 569 956 640 conferant,
978 567 1206 650 quandocunque
1219 577 1251 630 et
1265 588 1441 649 quocunque
1490 605 1494 614 ι

266 675 329 736 Deo
344 673 491 756 placuerit
509 710 549 718 -
566 674 682 736 Verba:
699 671 741 746 alc
756 675 908 738 διακονίαν
924 693 980 734 non
990 675 1214 734 suntreferenda
1229 676 1284 736 ad:
1302 677 1439 760 μέλλον·

265 803 320 856 τας
334 784 534 867 κληρονομεῖν
549 783 708 864 σωτηρίαν,
724 781 774 840 sed
790 780 818 840 h.
835 779 853 839 l.
869 780 905 840 de
920 779 1077 842 ministerio
1098 798 1192 842 sermo
1206 789 1261 853 est,
1285 783 1369 860 quod
1385 801 1439 841 an·
1508 765 1509 768 ¹

265 887 321 969 geli
337 889 400 948 Deo
414 885 470 966 ipsi
486 895 645 966 praestant,
660 897 707 946 ast
722 901 820 946 eorum
835 903 932 956 causa,
948 883 998 965 qui
1008 885 1141 947 salvandi
1151 897 1227 947 sunt.
1258 885 1293 947 si
1311 904 1382 947 vero
1394 887 1439 947 hic

263 991 358 1074 angeli
374 989 451 1052 mitti
466 990 599 1052 dicuntur
614 1001 730 1072 propter
744 1011 801 1064 eos,
816 989 865 1071 qui
882 989 1016 1053 salvandi
1033 1001 1110 1063 sunt,
1126 1011 1163 1053 ex
1179 973 1279 1053 conon
1296 991 1438 1073 sequitur,

267 1099 403 1180 reprobos
418 1095 585 1178 angelorum
601 1095 712 1158 auxilio
733 1097 888 1159 destitutos
909 1117 980 1169 csse,
1001 1107 1053 1159 aut
1073 1097 1191 1178 angelos
1212 1117 1270 1159 non
1293 1097 1377 1158 mitti
1400 1099 1437 1158 ad
1509 1091 1510 1120 ³

266 1225 366 1268 onmes
381 1203 498 1266 omnino
513 1201 659 1277 homines;
681 1203 841 1265 communia
862 1204 938 1264 enim
961 1224 998 1264 ss.
1020 1203 1143 1264 Patrum
1166 1213 1196 1264 et
1216 1203 1436 1284 Theologomm

266 1310 396 1372 doctrina
411 1319 463 1382 eat,
471 1305 494 1390 ¹)
510 1308 548 1368 ad
563 1307 722 1388 quemlibet
744 1308 900 1381 hominem,
924 1311 993 1370 dum
1016 1307 1151 1381 nascitur,
1173 1309 1270 1369 aDeo
1292 1309 1435 1370 destinari
1510 1350 1511 1420 l

263 1415 399 1496 angelum
415 1415 581 1487 custodem
596 1415 646 1476 sed
662 1413 690 1475 id
706 1413 822 1476 omnino
838 1435 875 1475 cx
890 1413 1015 1495 apostoli
1029 1414 1126 1476 verbis
1145 1413 1284 1493 sequitur,
1307 1415 1435 1476 fructum

265 1519 413 1584 ministerii
429 1519 597 1599 augelorum
613 1519 740 1581 maximo
755 1531 854 1601 patere
868 1529 899 1580 et
912 1538 1052 1602 apparere
1074 1520 1102 1581 in
1125 1519 1169 1592 iis,
1185 1518 1234 1600 qui
1249 1519 1327 1580 salvi
1351 1521 1435 1594 fiunt,

264 1639 293 1691 et
308 1647 380 1712 quos
395 1625 490 1707 angeli
506 1627 542 1688 dc
557 1625 634 1687 facto
649 1627 687 1687 ad
702 1625 869 1688 telioitatem
884 1637 1032 1688 aeternam
1052 1627 1218 1707 perducunt
1234 1659 1279 1671 -
1294 1623 1434 1688 Getarum

263 1735 337 1798 sicut
352 1732 445 1796 omnis
461 1731 549 1794 sectio
565 1752 640 1794 nunc
655 1731 788 1812 exposita
810 1729 838 1792 in
864 1731 994 1794 doctrina
1015 1731 1177 1812 theologiae
1198 1731 1384 1812 dogmaticae
1399 1734 1434 1794 de
1511 1718 1512 1800 l

262 1839 373 1922 angelis
395 1839 476 1900 valet
499 1839 537 1898 ad
559 1837 726 1918 angelorum
751 1836 935 1899 existentiam
964 1837 1153 1919 probandam,
1182 1837 1253 1918 quia
1278 1839 1433 1919 apostolus

262 1945 410 2009 Christum
426 1963 491 2006 cum
507 1944 621 2005 entibus
637 1941 814 2023 imaginariis
829 1961 1011 2024 comparasse
1026 1953 1100 2006 certe
1122 1944 1281 2005 censendus
1304 1965 1363 2006 non
1380 1957 1432 2017 est

262 2053 305 2114 ita
320 2051 350 2112 in
365 2049 458 2131 specie
474 2067 573 2110 versus
586 2049 635 2114 14.
645 2048 776 2110 adhiberi
787 2059 882 2128 potest
896 2050 934 2110 ad
944 2051 1198 2112 demonstrandam
1212 2047 1242 2133 1)
1259 2051 1430 2130 angelorum
1512 2084 1513 2100 ο

263 2167 412 2229 naturam;
428 2165 527 2235 aperte
542 2153 618 2215 enim
635 2154 681 2216 hic
696 2154 829 2217 dicuntur
843 2154 973 2236 spiritus3
996 2157 1030 2233 2)
1051 2173 1148 2218 eorum
1171 2155 1340 2228 miniscere„
1362 2159 1431 2238 quia

262 2283 280 2326 a
295 2261 379 2324 Deo
372 2280 402 2322 m
418 2259 597 2322 ministerum
613 2261 781 2336 mittuntur3
798 2260 831 2344 3)
847 2279 945 2324 eorum
955 2262 1123 2335 custodiam,
1138 2281 1189 2323 seu
1202 2263 1431 2324 eoslrominibus

262 2369 362 2431 adesse
378 2369 416 2430 ad
432 2365 570 2441 tutelam;
592 2365 691 2428 scribit
714 2367 790 2428 enim
812 2367 970 2448 apostolus,
991 2367 1110 2448 angelos
1132 2367 1207 2430 mitti
1232 2379 1349 2448 propter
1372 2389 1429 2441 ecs,

261 2476 311 2558 qui
327 2483 476 2537 aeternam
491 2473 659 2536 felicitatem
674 2474 850 2536 consecuturi
865 2485 940 2536 sunt

670 2649 1017 2732 Paraphrasis.

690 2789 999 2872 captat—14.

348 2934 481 2998 Christus
496 2951 561 2994 cum
576 2933 732 2994 secundum
748 2941 883 2994 naturam
898 2952 983 2994 suam
998 2934 1157 2996 humanam
1177 2953 1309 2996 summae
1332 2935 1426 2996 maie-

261 3041 354 3112 statis,
376 3037 523 3120 potentiae
544 3049 574 3099 et
594 3038 701 3119 gloriae
723 3056 837 3100 consors
859 3041 951 3100 factus
970 3049 1054 3111 esset,
1076 3050 1158 3101 tanto
1174 3041 1367 3120 praestantior
1382 3055 1427 3103 est

258 3145 328 3228 ipsis
343 3145 462 3226 angelis,
478 3153 587 3225 quanto
603 3143 790 3207 excellentius
806 3143 831 3205 ei
847 3161 916 3225 prae
931 3143 990 3206 illis
1006 3164 1110 3206 nomen
1120 3145 1245 3225 contigit.
1277 3143 1331 3206 cui
1347 3148 1425 3208 enim

257 3252 424 3332 angelorum
440 3250 544 3330 legitur
559 3251 638 3312 Deus
654 3269 782 3329 unquam
798 3248 917 3311 dixisse:
941 3249 1034 3312 lilius
1048 3270 1130 3312 meus
1154 3271 1185 3312 es
1200 3261 1242 3324 tu,
1263 3271 1316 3331 ego
1338 3253 1426 3314 hodic

257 3357 342 3438 genui
357 3357 406 3418 te?
422 3367 452 3417 et
465 3373 563 3417 rursus
579 3355 608 3416 in
623 3353 682 3416 alio
698 3355 773 3416 loco:
799 3374 851 3434 ego
874 3372 921 3415 ero
943 3353 987 3416 illi
1002 3357 1092 3418 Pater
1113 3367 1142 3417 et
1163 3355 1213 3417 ille
1235 3356 1306 3418 mihi
1329 3357 1425 3420 Filius

257 3463 332 3525 erit?
348 3463 388 3524 Et
403 3481 468 3524 cum
483 3460 587 3522 iterum
603 3459 793 3523 introduxerit
814 3459 1035 3541 primogenitum
1058 3461 1088 3522 in
1110 3463 1209 3524 orbem
1234 3460 1307 3548 (scil.
1330 3463 1360 3524 in
1377 3465 1424 3526 die

258 3567 381 3631 extremi
396 3564 507 3651 iudicii)
524 3566 612 3627 dicet:
629 3575 658 3626 et
673 3566 793 3627 adorent
808 3585 874 3627 eum
889 3585 988 3628 omnes
1008 3568 1103 3648 angeli
1119 3567 1181 3630 Dei.
1212 3566 1348 3631 Ceterum
1373 3570 1424 3632 ubi

256 3678 291 3738 de
306 3674 417 3756 angelis
432 3671 581 3753 Scriptura
591 3671 718 3752 loquitur
732 3688 887 3754 eorumque
896 3671 1067 3752 dignitatem
1081 3673 1227 3757 exprimit,
1242 3673 1311 3757 quid
1327 3675 1423 3741 dicit?

257 3784 336 3844 Deus
352 3779 463 3862 angelis
478 3778 538 3840 suis
553 3788 693 3857 tanquam
703 3777 797 3838 ventis
812 3787 841 3838 et
850 3777 1011 3857 fulguribus
1021 3777 1126 3853 utitur3
1142 3778 1238 3859 angeli
1253 3798 1310 3840 non
1325 3780 1423 3842 minus

256 3909 345 3970 quam
360 3887 440 3948 venti
456 3897 486 3948 et
500 3885 616 3965 fulgura
631 3882 751 3964 imperio
768 3884 830 3946 eius
840 3893 950 3964 parent.
976 3883 1183 3964 Longeantem
1193 3884 1423 3965 magnificentius

256 3998 292 4057 de
307 3995 382 4057 Filio
405 3992 545 4074 scriptura
568 3987 709 4072 loquitur:
734 4007 854 4070 regnum
877 4002 968 4060 tuum,
993 3991 1114 4062 oDeus,
1136 3999 1181 4051 est
1205 4000 1364 4064 aetemum‚
1389 4003 1421 4053 tu

254 4119 374 4182 regnum
389 4113 470 4163 tuum
488 4115 602 4160 summa
617 4095 728 4158 iustitia
743 4107 773 4156 et
787 4097 934 4178 aequitate
949 4097 1024 4177 regis
1039 4107 1069 4157 et
1077 4099 1237 4177 gubernss;
1253 4115 1321 4158 nam
1337 4115 1421 4158 amas

346 4291 365 4361 ι)
385 4293 435 4345 cc.
453 4292 566 4357 capey
584 4292 602 4340 1.
620 4307 641 4342 ο.
660 4290 698 4343 a.
717 4287 775 4350 ara
793 4290 947 4342 mamam
964 4292 982 4341 ι
1001 4306 1023 4341 0.
1041 4289 1078 4341 so
1096 4288 1140 4342 er.
