3094 4892
236 376 256 442 8
394 349 398 356 ι
666 374 705 423 De
723 379 822 424 suamne
839 373 966 439 epistolae.

235 555 375 630 imitatus,
392 554 442 615 ubi
458 555 529 615 data
544 552 569 614 ei
579 551 698 625 occasio,
713 553 794 633 prius
809 551 839 613 in
857 569 1004 633 synagoga
1019 549 1200 631 evangelium
1216 549 1403 632 praedicaret.

234 663 283 724 Ita
297 663 416 733 iactum,
432 670 465 721 ut
479 659 595 740 saepius
610 667 708 721 coetus
723 659 857 720 fundaret
872 677 909 719 ex
918 655 939 719 J
941 659 1049 719 udaeo-
1058 667 1088 719 et
1097 655 1403 730 Ethnico-christianis

235 767 342 831 mixtos
357 775 387 829 et
402 767 491 828 etiem
506 766 608 828 mixtis
632 763 761 828 coetibus
776 763 933 827 nonnullas
948 764 1084 827 scriberet
1099 763 1238 845 epistolas
1261 762 1333 844 (scil.
1355 763 1403 823 ad.

236 871 313 950 Get,
329 875 352 936 I.
368 883 405 935 et.
422 875 461 935 Π.
477 875 515 934 ad
531 871 670 946 Corinth,
686 873 725 932 ad
740 871 826 933 Rom.
842 879 872 932 et
887 867 1038 953 Philipp).
1046 867 1070 953 ¹)

326 978 359 1063 3)
374 979 495 1044 Plures
511 979 681 1056 doctrinae,
700 997 778 1060 qnae
792 997 814 1040 a
828 975 947 1054 Panlo,
970 979 1095 1040 sibonc
1116 975 1280 1060 epietobsm
1301 977 1403 1060 corip-

236 1089 336 1162 sc'scet'
350 1071 418 1151 aas
440 1087 535 1150 dabir
544 1087 658 1168 sosias
677 1086 859 1166 propositae
873 1084 1023 1166 scissent,
1047 1087 1144 1148 obiter
1167 1092 1290 1147 acam
1305 1086 1403 1147 ottin-

235 1189 387 1278 poatafl)
411 1189 485 1277 (ntit
509 1189 702 1253 oeconomiam
719 1190 879 1252 Mosaicam
907 1207 958 1270 per
979 1188 1128 1252 Christum
1156 1189 1305 1252 sublatam
1332 1209 1405 1264 esse,

235 1297 385 1361 Christum
400 1296 588 1360 resurrexisse
604 1316 641 1358 ex
664 1296 785 1358 mortuis
800 1305 829 1357 et
844 1292 933 1375 aliae)
952 1303 1011 1360 cat
1027 1295 1124 1379 plane
1139 1298 1329 1360 omittantur·
1344 1294 1404 1380 (ex.

234 1423 274 1488 gr.
291 1405 422 1468 doctrina
436 1406 472 1466 de
487 1401 689 1466 iustificatione
704 1420 755 1484 per
770 1399 877 1486 tidem).
897 1439 935 1448 -
953 1399 1013 1463 Ast
1027 1402 1051 1463 si
1075 1401 1134 1464 iam
1157 1399 1281 1482 quilibet
1304 1412 1406 1466 auctor

235 1530 288 1595 pro
306 1532 358 1574 suo
381 1511 500 1574 consilio
522 1527 695 1590 suorumque
719 1508 859 1571 lectorum
883 1507 1047 1589 indigentiis
1070 1509 1209 1570 materias
1239 1508 1405 1573 scribendas

236 1619 340 1701 seligit,
356 1617 431 1681 alias
447 1617 571 1691 uberius,
586 1615 661 1678 alias
676 1615 770 1678 obiter
784 1623 901 1677 tantum
917 1625 1076 1696 pertractat
1100 1624 1153 1677 aut
1173 1615 1261 1697 plane
1285 1617 1405 1692 omittit,

237 1725 369 1808 inprimis
384 1725 409 1788 si
424 1745 482 1788 non
497 1743 570 1806 opus
585 1723 731 1805 quoddam
746 1722 906 1803 perscribit,
929 1742 986 1803 quc
1000 1721 1073 1784 velit
1093 1739 1154 1784 rem
1177 1741 1213 1784 ex
1228 1723 1306 1784 omni
1322 1734 1406 1804 parte

235 1833 398 1905 absolvere,
421 1833 471 1894 sed
499 1829 653 1912 epistolam
669 1827 790 1902 nonnisi,
812 1830 913 1891 eadem
935 1827 1056 1891 libertas
1077 1837 1107 1890 et
1128 1837 1243 1892 nostrae
1265 1830 1405 1912 epistolae

235 1939 344 2003 auctori
361 1939 513 2001 tribuenda
528 1947 581 2010 est,
597 1955 650 1998 nec
665 1955 702 1997 ex
711 1943 881 2016 argumento
889 1937 976 1998 hocce
985 1937 1109 1998 adducto
1125 1935 1250 1998 Paulina
1264 1935 1406 2018 epistolae

233 2047 312 2128 ongo
327 2040 569 2127 mauritaniae)
679 2027 682 2036 '

325 2149 362 2237 4)
379 2149 544 2215 Nonnulla
559 2167 678 2231 qaoque
708 2153 879 2212 occurrant
892 2153 999 2234 effata,
1023 2149 1137 2228 quibos
1160 2147 1330 2214 loculenter
1344 2169 1403 2232 op·

232 2267 334 2344 porat,
349 2257 514 2341 mirtulam
530 2276 546 2319 e
560 2253 663 2318 Pauli
679 2253 801 2318 cauma
816 2273 879 2317 noa
895 2274 959 2318 esse
971 2254 1166 2337 profectam
1183 2258 1236 2317 sic:

323 2363 355 2445 a)
372 2373 472 2428 auctor
486 2361 626 2444 epistolae
642 2361 877 2442 adprehendam
892 2369 1040 2422 aeternam
1055 2361 1123 2423 Filii
1139 2360 1193 2423 Dei
1215 2381 1234 2423 a
1250 2361 1337 2424 Patre
1352 2381 1404 2443 ge-

236 2469 414 2556 nerationem
429 2447 540 2550 alle'gat
554 2469 577 2530 I.
595 2469 625 2535 5.
641 2469 730 2529 verba
745 2466 852 2547 psalmi
867 2468 905 2529 ΙΙ.
923 2469 969 2533 7.;
994 2468 1122 2544 „meus
1138 2487 1225 2532 meos
1240 2488 1272 2532 cs
1288 2478 1333 2545 ta,
1349 2489 1403 2552 eqo

234 2579 325 2643 bodie
337 2579 434 2662 pacui
450 2579 507 2640 te‘.
543 2575 599 2636 Ast
614 2575 686 2636 haec
701 2576 791 2636 verba
806 2574 918 2636 Paulus
929 2575 990 2656 ipsc
1006 2575 1090 2655 longe
1099 2573 1184 2636 aliter
1198 2574 1405 2657 interpretatus

235 2695 279 2747 est
294 2685 324 2746 in
340 2683 479 2756 oratione,
495 2700 583 2762 quam
599 2679 773 2742 Antioohiae
788 2680 819 2741 in
835 2679 945 2743 Pisidia
960 2681 1066 2743 habuit
1080 2679 1160 2766 (Act.
1176 2681 1264 2744 XIII.
1275 2677 1349 2765 33),
1365 2701 1401 2742 ex

129 2813 132 2818 ·
234 2789 325 2871 iisque
349 2788 457 2852 Christi
481 2786 715 2850 resurrectionem
740 2787 918 2868 praedictam
944 2787 1031 2850 fuisse
1062 2787 1249 2850 demonstrat.
1273 2822 1317 2834 -
1342 2787 1401 2849 Ast

234 2896 346 2958 Paulus
361 2895 391 2958 in
406 2895 536 2958 oratione
551 2913 604 2955 sua
619 2892 794 2956 Antiochiae
808 2893 838 2955 in
853 2893 964 2956 Pisidia
972 2896 1062 2959 verba
1071 2895 1192 2956 laudata
1201 2913 1258 2958 non
1273 2893 1402 2966 adhibet,

233 3011 267 3065 ut
281 3004 392 3084 probet
407 2999 641 3063 resurrectionem
658 2998 766 3062 Christi
781 3000 817 3063 iis
834 3001 1011 3082 praedictam
1026 3000 1122 3075 fuisse,
1145 3003 1195 3064 sed
1218 3002 1313 3082 potius
1335 3019 1401 3062 enm

233 3109 263 3170 in
279 3109 366 3170 finem
382 3127 417 3168 ea
426 3107 506 3180 citat,
522 3105 591 3188 quia
600 3125 719 3170 cansam
728 3107 926 3188 rationemque
940 3107 1094 3181 continent,
1110 3111 1148 3170 ob
1163 3127 1252 3189 quam
1268 3107 1401 3170 Christus

232 3232 377 3294 resurgere
391 3212 531 3286 debuerit,
547 3231 622 3294 quae
644 3233 732 3276 causa
756 3223 800 3276 est
822 3213 926 3277 filiatio
942 3213 1051 3277 Christi
1072 3215 1171 3277 divina
1194 3223 1224 3276 et
1244 3213 1385 3276 naturalis
1391 3234 1401 3290 ;

233 3323 306 3383 haec
321 3319 398 3381 enim
413 3340 472 3382 non
488 3327 603 3381 tantum
618 3319 831 3382 resurrectionis
846 3319 1062 3401 congruentiam
1086 3320 1204 3394 inducit
1228 3322 1279 3382 sed
1299 3338 1401 3382 verum

231 3425 353 3489 includit
367 3425 506 3487 debitum.
522 3461 565 3470 -
582 3424 631 3489 Sic
645 3426 735 3488 etiam
751 3442 850 3490 auctor
867 3436 983 3489 nostrae
998 3426 1138 3507 epistolae
1147 3427 1186 3488 V.
1197 3427 1226 3494 5.
1242 3428 1278 3489 de
1294 3425 1401 3489 Christi

231 3531 389 3596 sacerdotio
404 3531 525 3614 loquens
539 3534 645 3595 rerba:
662 3533 776 3610 „Filius
791 3553 873 3596 meus
888 3554 919 3594 es
934 3542 975 3606 tn,
992 3553 1043 3613 ego
1058 3533 1143 3596 hodie
1159 3533 1243 3615 genui
1258 3539 1309 3594 te⁸
1326 3553 1400 3596 non-

231 3637 286 3700 nisi
301 3647 454 3721 propterea
468 3639 576 3714 adiicit,
592 3638 661 3720 quia
676 3638 775 3702 divina
789 3648 819 3701 et
833 3638 976 3702 naturalis
998 3638 1106 3702 Christi
1128 3639 1240 3713 filiatio,
1262 3658 1336 3721 qnae
1352 3657 1402 3721 per

234 3764 269 3806 ea
285 3743 468 3826 significetur,
484 3755 518 3807 nt
533 3745 658 3808 aliarum
673 3745 804 3810 omnium
814 3745 921 3808 Christi
937 3745 1181 3820 excellentiarum,
1197 3747 1240 3808 ita
1254 3757 1284 3809 et
1292 3746 1401 3827 sempi-

230 3851 305 3913 terni
320 3851 479 3925 saoerdotii,
494 3872 551 3933 quo
566 3852 592 3914 is
607 3853 744 3934 fungitur,
760 3851 799 3913 sit
813 3851 904 3913 veluti
920 3853 1066 3933 quoddam
1083 3851 1348 3938 fundamentum.⁴)

253 4085 256 4094 .
322 4042 1039 4113 porr..traa.rtai0rrtntiud.rt.r.st.384.

323 4131 343 4204 ²)
363 4135 411 4186 cfr.
438 4133 591 4184 hemmam
615 4133 729 4185 Kritisch
758 4149 827 4201 erog.
854 4135 994 4185 Handbuch
1029 4135 1090 4184 ttbcr
1122 4135 1171 4186 den
1196 4135 1402 4195 Hebrtter·Bricl;

235 4224 369 4292 Gottingae
389 4220 458 4273 1878
476 4221 512 4274 St.
534 4221 574 4274 14.
594 4224 612 4277 t
948 4232 952 4240 ‘

320 4310 339 4375 θ)
359 4310 410 4362 crs.
430 4308 583 4364 mactat
597 4310 615 4361 1.
634 4325 655 4362 o.
674 4327 732 4378 pag.
752 4307 795 4360 27.
813 4328 834 4362 s.

314 4397 336 4469 ⁴)
355 4399 404 4450 Cir.
423 4395 522 4448 Hurter·
538 4399 632 4451 rhed.
650 4399 750 4466 special.
768 4417 825 4468 pars
844 4401 864 4452 1.
885 4400 1022 4468 Ceniponte
1049 4397 1117 4450 1877
1124 4421 1131 4461 ;
1157 4417 1216 4470 pag.
1234 4398 1278 4452 89.
1297 4410 1322 4454 et
1340 4401 1400 4454 925
