3106 4888
254 357 320 428 ρος
669 353 1003 426 mmm-12

254 538 685 622 traducepropagaridixerunt.
701 537 783 604 llam
790 541 1012 621 ροίτουοσπιίυ
1019 537 1162 622 appellat,
1170 557 1209 600 ex
1217 535 1324 619 quibus
1330 534 1425 598 solam

255 647 549 722 mmmmm
564 648 769 709 Deumautem
778 645 1164 728 dicitpctremspffl'tumn,
1179 644 1316 726 quianon
1331 643 1425 704 solam

252 755 293 816 ab
301 774 336 816 co
347 772 462 816 tarnem
472 754 624 826 habemns,
639 772 729 834 quam
738 751 941 814 subministrat
955 771 1008 832 per
1016 751 1148 814 homines
1156 751 1308 832 genitores,
1323 768 1425 810 verum

255 860 345 922 etiam
360 862 501 942 ορὺίόιιο,
523 859 552 920 id
574 868 620 920 est
641 861 768 920 αιιίυιου
782 858 948 939 corporibus
963 857 1098 920 iufundit
1129 855 1217 928 Quod
1237 865 1338 918 autem
1359 858 1426 937 ipss

253 965 341 1030 solra
353 967 424 1029 fucit
444 975 476 1028 et
495 965 664 1027 immediate
687 983 740 1045 per
760 968 952 1026 senionem
982 966 1071 1027 Hunc
1090 965 1272 1026 intellmtum
1292 961 1427 1044 postulat

253 1071 409 1135 antithesis
422 1071 550 1153 apostoli
564 1071 753 1154 interputm
767 1073 876 1133 aaran
888 1079 1034 1153 etpctm
1047 1073 1219 1153 τρίήίιιιιιιι
1230 1065 1381 1154 (Batitas).

342 1198 372 1240 v.
390 1180 440 1244 10.
455 1175 494 1244 Oi
509 1182 564 1264 μὲν
584 1181 644 1262 γὰρ
664 1182 743 1262 πρὸς
763 1175 870 1258 ὀλίγας
891 1177 1011 1266 ίγιέρας
1031 1181 1112 1243 aas&
1133 1183 1168 1242 τὸ
1190 1178 1300 1242 δοκοῦν
1323 1171 1427 1248 αότοῖς

253 1284 419 1350 ἐπαίδευον
442 1281 460 1347 ὁ
475 1285 510 1348 δὲ
525 1283 573 1348 tat
588 1287 622 1347 τὸ
631 1290 783 1370 συμφέρον
798 1280 841 1356 εἰς
851 1288 885 1348 τὸ
895 1287 1072 1370 μεταλαβεῖν
1082 1295 1138 1372 τῆς
1147 1281 1308 1370 ἁγιότητος
1322 1277 1425 1346 αότοῦ.

257 1425 293 1436 -
316 1389 439 1451 Verbis:
455 1393 531 1475 πρὸς
546 1386 654 1470 ὀλίγας
667 1388 785 1477 ἡμέρας
798 1389 976 1470 significatur
990 1399 1106 1471 tempus
1120 1391 1224 1464 breve3
1248 1386 1426 1470 praepositio

253 1499 329 1582 πρός
345 1493 510 1558 nominibus
525 1495 664 1575 temporis
678 1495 778 1557 iuncta
792 1505 890 1557 notat:
906 1496 958 1569 od,
966 1516 1023 1580 per
1037 1495 1100 1581 (cfr.
1109 1516 1139 1564 v.
1150 1497 1217 1570 11.;
1231 1497 1256 1560 I.
1271 1493 1339 1558 Cor.
1354 1493 1426 1554 VIL

252 1603 301 1677 5.;
316 1601 358 1664 11.
375 1599 439 1664 Gor.
455 1601 527 1663 vlt
543 1603 590 1677 8.;
604 1601 741 1663 LThess
756 1603 795 1662 IL
814 1600 940 1686 17.).-
949 1607 1030 1668 κατὰ
1045 1607 1079 1669 τὸ
1088 1603 1198 1670 δοκοῦν
1213 1599 1324 1674 αότοῖς,
1339 1607 1428 1680 Ρῐθῑῑῑ

253 1707 290 1770 iis
304 1707 469 1781 videbatur,
483 1725 537 1788 pro
551 1706 671 1769 arbitrio
693 1727 754 1780 suo,
776 1709 920 1771 erroribus
940 1708 1066 1772 obnoxii.
1082 1745 1125 1756 -
1142 1707 1190 1774 ἐπί
1212 1713 1246 1773 τ“ο
1262 1712 1426 1794 συμφέρον,

252 1813 283 1876 in
298 1823 430 1876 nostrum
445 1813 682 1884 emolumentum.
697 1815 736 1876 ad
751 1831 852 1876 veram
866 1825 997 1877 noemam
1012 1815 1149 1884 salutem,
1164 1851 1204 1861 -
1222 1811 1265 1888 εἰς
1280 1819 1315 1878 τὸ
1332 1835 1425 1900 μετα-

252 1921 356 2005 λαβεῖν
371 1933 427 2009 της
441 1918 601 2006 ἁγιότητος
616 1916 717 1992 αότοῡ,
732 1929 767 1982 ut
781 1921 946 1984 sanctitatis
966 1921 1059 2002 ipsius
1081 1921 1237 2003 participes
1262 1921 1426 1990 reddamur,

252 2037 286 2089 ut
301 2027 488 2094 munimem
503 2025 560 2090 Dei
574 2025 724 2088 imitantes
738 2045 806 2089 rere
820 2025 901 2110 ἅγιοι
915 2028 1006 2090 simus
1030 2028 1105 2090 etin
1122 2028 1184 2090 dies
1199 2026 1294 2107 magis
1310 2027 1424 2087 fiamus

252 2170 291 2180 -
311 2133 383 2196 Post
397 2131 414 2197 ὁ
430 2135 464 2198 δὲ
475 2132 867 2214 utiqueexautecedentibus
875 2137 1083 2218 repetendum:
1098 2139 1174 2219 πρὸς
1184 2132 1290 2216 ὀλίγας
1308 2131 1427 2222 ἡμέρας

251 2239 391 2311 mosea,
407 2239 587 2302 Deusetianr
596 2240 732 2301 adbrcve
742 2249 859 2322 tempus
868 2261 921 2303 nos
929 2241 1057 2303 severius
1065 2249 1188 2317 macen
1203 2239 1427 2320 intelligendum
1543 2297 1544 2332 γ

252 2355 298 2410 est
312 2348 399 2409 breve
413 2345 501 2408 huius
515 2345 594 2408 vitae
609 2347 747 2427 spatium,
762 2367 820 2428 quo
835 2367 888 2410 nos
897 2349 1024 2410 Deusad
1039 2367 1139 2410 veram
1155 2357 1284 2410 nostram
1299 2347 1427 2408 salutern
1543 2365 1544 2414 l

250 2449 415 2538 castigat1)
446 2450 531 2513 Certe
549 2470 615 2533 ergo
624 2452 679 2514 Dei
694 2453 846 2534 castigatio
861 2463 907 2516 est
922 2455 1007 2536 longe
1021 2473 1093 2536 prae
1102 2454 1226 2516 stantior
1240 2463 1271 2515 et
1285 2451 1431 2515 salubrior
1543 2439 1544 2464 ¹

250 2579 340 2644 quam
355 2579 391 2621 ea
406 2568 523 2641 patrum
538 2557 725 2624 naturalium.
1543 2619 1544 2642 γ

339 2686 367 2728 ν.
385 2667 435 2732 ll·
451 2663 544 2730 Πᾶσα
559 2665 592 2730 δὲ
607 2667 727 2730 παιδεία
740 2671 817 2751 πρὸς
832 2671 885 2753 μὲν
902 2672 936 2732 τὸ
953 2673 1050 2752 παρὸν
1067 2665 1103 2734 οό
1127 2669 1212 2733 δοκεῖ
1224 2677 1328 2754 χαρᾶς
1345 2662 1427 2736 εἶναι,
1543 2651 1544 2730 i

250 2773 335 2840 ἀλλὰ
350 2775 459 2860 tome,
469 2769 595 2859 ὕστερον
610 2773 643 2836 δὲ
654 2777 770 2857 καρπὸν
779 2771 926 2860 εἰρηνικὸν
942 2785 1005 2848 τοῖς
1015 2771 1054 2838 δι’
1064 2770 1158 2864 αότῆς
1168 2777 1423 2860 γεγυμνασμένοις
1543 2759 1544 2776 ’

250 2879 415 2945 ἀποδίδωσι
437 2880 637 2965 δικαιοσίινγς.
655 2913 694 2925 -
712 2879 875 2959 Apostolus
896 2881 952 2944 hoc
975 2899 1061 2942 versu
1080 2880 1219 2963 exprimit
1240 2879 1422 2963 praeclarum

248 2983 447 3067 castigationis
461 2986 594 3048 fructum.
611 3021 653 3030 -
668 2983 788 3048 Verba:
804 2998 887 3052 πᾶσα
902 2989 1020 3053 παιδεία
1037 2997 1159 3069 possunt
1168 2986 1285 3068 quidem
1300 2987 1337 3048 de
1346 3003 1424 3066 qua-

250 3111 362 3176 cunque
388 3090 576 3171 castigatione
596 3091 729 3172 intelligi,
753 3091 791 3155 ln'
806 3093 825 3154 l.
848 3111 917 3156 vero
938 3103 1038 3156 auctor
1065 3094 1193 3175 respexit
1220 3093 1275 3156 Dei
1297 3090 1426 3171 castiga·

250 3198 368 3272 tionem,
391 3195 499 3272 omnia,
524 3215 599 3278 quae
620 3199 701 3260 Deus
722 3197 865 3273 immittit
887 3199 975 3261 mala.
999 3237 1040 3246 -
1057 3199 1220 3280 Apostolus
1240 3199 1311 3263 dicit
1333 3199 1424 3267 δοκεῖ,

255 3324 312 3368 σου
328 3303 397 3386 quia
411 3321 511 3365 revera
525 3303 729 3385 castigationes
744 3315 911 3386 praesentes
926 3306 984 3368 sint
1006 3305 1130 3368 materia
1144 3308 1280 3369 moeroris
1302 3316 1355 3368 seu
1369 3303 1424 3366 tri-

251 3409 358 3484 stitiae,
373 3411 424 3472 sed
439 3409 509 3495 quia
524 3409 564 3473 sic
579 3431 609 3472 se
625 3412 717 3474 habet
730 3432 881 3475 commune
903 3412 1039 3475 iudicium
1063 3404 1215 3498 (masc).
1231 3449 1273 3459 -
1292 3413 1364 3476 Vox
1379 3411 1424 3475 δι·

254 3519 400 3604 associat]
410 3517 439 3578 h.
456 3516 475 3578 l.
486 3536 543 3580 non
559 3527 602 3579 est
611 3517 785 3600 explicanda
795 3519 831 3580 de
845 3517 958 3580 iustitia
967 3519 1071 3599 prima,
1087 3519 1138 3580 sed
1152 3519 1188 3580 de
1203 3517 1315 3581 iustitia
1331 3519 1424 3601 magis

252 3623 403 3704 magisque
418 3623 583 3704 proficiente
598 3633 687 3705 atque
703 3633 852 3698 crescente,
876 3634 906 3686 et
927 3627 1047 3687 denotat
1067 3623 1143 3686 idem
1165 3625 1243 3705 quod
1266 3626 1423 3702 sanctitas

251 3731 444 3817 διναιοσίινης
459 3738 504 3792 est
519 3729 663 3811 genitivus
677 3731 876 3813 appositionis,
898 3732 1023 3795 finctum
1038 3730 1198 3812 pacificum,
1213 3731 1323 3794 scilicet
1337 3731 1423 3795 iusti·

252 3837 323 3899 tiam
341 3857 392 3899 seu
407 3835 611 3914 sanctitatem3
626 3837 736 3898 fructus
757 3837 806 3900 hic
826 3856 894 3900 vero
908 3848 1029 3900 vocatur
1043 3843 1160 3926 καρπὸς
1175 3835 1332 3926 εἰρηνικός,
1355 3837 1424 3921 quia

250 3951 338 4025 parat
352 3963 455 4024 pacem
470 3953 500 4005 et
513 3941 758 4025 tranquillitatem
773 3943 872 4019 animi,
896 3965 985 4026 quam
999 3947 1125 4007 mundus
1146 3947 1215 4008 dare
1236 3965 1295 4007 non
1318 3955 1423 4027 potest.

341 4069 369 4111 ν.
388 4051 437 4115 12.
453 4046 507 4114 Διὸ
522 4053 578 4124 τὰς
599 4057 781 4138 παρειμένας
797 4061 903 4137 χεῖρας
925 4056 977 4116 καὶ
999 4056 1036 4116 τὰ
1051 4051 1289 4139 παραλελυμένοι
1311 4057 1422 4134 γόνατα

251 4153 460 4242 ἀνορθώσατε,

344 4381 363 4454 ¹)
381 4383 432 4434 Cir.
450 4381 604 4436 taam
620 4385 639 4437 l.
657 4401 688 4447 c,
706 4385 814 4441 St894.
