3096 4886
551 349 711 414 Parsphrcsla
729 351 774 401 xi.
794 347 888 400 1-40.
1238 351 1302 417 201

136 529 229 612 gyptii
244 529 275 593 in
290 529 374 610 aquis
389 539 458 592 sunt
472 529 611 610 absorpti.
641 530 743 592 Fidem
752 531 893 591 habentes
901 527 1083 610 promissioni
1093 528 1208 591 divinae
1223 549 1303 594 moe-

133 637 183 698 nia
198 637 398 699 Hierichuntis
413 646 587 710 corruerunt,
603 656 669 698 cum
684 657 718 697 ea
734 635 899 697 circuissent
913 651 966 715 per
988 644 1101 715 septem
1123 636 1192 698 dies.
1223 636 1303 708 Quin

134 753 164 804 et
178 744 288 804 Rahab
304 742 450 816 meretrix,
465 744 532 804 fidei
547 763 618 804 suae
633 742 744 815 merito,
760 763 819 824 qua
833 723 1032 822 exploratores
1055 743 1181 823 hospitio
1196 747 1304 826 recepit

133 861 163 911 et
178 850 338 922 abscondit,
358 869 415 911 non
432 849 518 930 periit
538 869 603 911 cnm
625 849 778 911 incredulis
800 848 1000 910 Hierichuntis
1019 848 1140 910 civibus.
1174 851 1212 912 st
1233 852 1302 933 quid

137 955 225 1037 plura
240 973 390 1036 congeram
405 955 562 1036 priscomm
585 956 714 1018 fidelium
737 955 890 1036 exempla?
920 963 1036 1036 tempus
1055 973 1102 1016 me
1123 956 1264 1031 deficeret,
1279 957 1303 1020 si

133 1061 251 1124 seorsim
270 1079 387 1123 narrare
402 1062 509 1123 vellem
524 1065 559 1123 de
569 1061 713 1135 Gedeone,
723 1063 843 1133 Raraoo,
860 1059 1009 1134 samsone,
1024 1061 1164 1142 Jephthe,
1179 1064 1301 1140 Doride,

135 1168 277 1231 Samuele
292 1178 321 1229 et
336 1169 437 1231 ceteris
451 1169 699 1243 hominibusfide
713 1168 742 1229 in
758 1170 853 1230 Deum
878 1167 1045 1249 conspicuis,
1068 1168 1117 1249 qui
1141 1187 1194 1250 per
1214 1171 1302 1233 iidem

135 1275 321 1336 debellarunt
335 1293 432 1355 regna,
448 1273 632 1337 severitatem
646 1274 747 1336 iniure
756 1277 922 1349 tuebantur,
941 1275 1143 1356 promissiones
1157 1277 1302 1340 consecuti

136 1391 213 1455 sunt,
230 1381 326 1444 leones
340 1383 479 1456 vicerunt,
494 1382 555 1442 vim
570 1381 644 1462 ignis
659 1390 897 1462 compresserunt,
912 1382 1047 1444 hostilem
1064 1393 1220 1445 evasemnt
1235 1384 1302 1466 gla-

132 1488 225 1561 dium,
241 1490 280 1550 ab
294 1488 463 1550 infirmitate
478 1489 695 1561 convaluerunt,
710 1507 818 1568 magna
839 1497 869 1549 et
890 1489 1005 1552 heroica
1027 1489 1057 1550 in
1081 1490 1159 1551 bello
1175 1491 1302 1554 facinora

133 1603 297 1675 patrarunt,
312 1595 435 1657 hostiles
449 1595 526 1658 acies
540 1595 571 1656 in
585 1595 685 1676 fugam
701 1594 889 1668 coniecerunt,
908 1595 1042 1657 mulieres
1057 1597 1144 1658 iidem
1159 1598 1302 1660 habentes

135 1709 264 1762 mortuos
280 1721 347 1762 suos
362 1701 392 1762 in
407 1701 500 1763 vitam
516 1710 664 1763 revocatos
679 1710 855 1783 receperunt
886 1701 964 1762 Mira
972 1711 1048 1774 sunt,
1064 1722 1139 1784 qnae
1154 1705 1301 1784 perfidem

135 1815 166 1867 et
180 1809 220 1868 ob
235 1807 321 1868 fidem
337 1807 415 1888 passi
431 1817 514 1883 sont;
530 1807 582 1870 alii
596 1807 627 1870 in
642 1807 772 1889 equuleis
794 1807 912 1869 distenti
935 1807 1061 1870 cruciatu
1083 1810 1203 1872 confecti
1225 1821 1302 1885 sunt,

137 1931 230 1992 quum
257 1913 456 1994 repudiassent
478 1913 680 1976 liberationem
702 1934 721 1975 a
745 1914 905 1989 tormentis,
934 1916 1053 1976 beatam
1076 1925 1225 1996 sperantes
1245 1916 1303 1978 im-

133 2019 362 2098 mortalitatem
378 2020 429 2081 alii
444 2039 512 2082 vero
527 2019 654 2082 ludibria
669 2029 699 2081 et
713 2021 833 2101 flagella
848 2020 960 2101 experti
975 2029 1050 2093 sunt,
1072 2021 1189 2102 insuper
1203 2032 1302 2084 autem

132 2124 251 2186 vincula
266 2135 297 2187 et
312 2144 471 2204 carcerem3
486 2126 635 2206 lapidibus
643 2127 739 2188 obruti
749 2129 872 2201 fererant,
887 2145 965 2188 serra
974 2126 1097 2200 dissecti,
1112 2128 1190 2190 omni
1200 2147 1302 2210 genere

132 2229 280 2294 malorum
295 2233 410 2306 tentati,
433 2233 530 2314 gladio
553 2233 708 2309 interlecti3
730 2233 931 2296 circumierunt
951 2233 1037 2295 multi
1061 2234 1187 2315 pellibus
1208 2233 1302 2300 ovinis

135 2337 317 2419 caprinisque
332 2339 434 2413 induti,
449 2339 570 2420 penuria
586 2339 762 2415 laborantes,
776 2341 885 2415 vexati,
900 2340 1022 2402 miseriis
1043 2340 1143 2403 afflicti
1166 2341 1300 2427 (quorum

135 2444 278 2506 consortio
292 2445 403 2525 indigni
418 2455 501 2507 erant
516 2445 648 2508 homines
662 2445 767 2530 impii),
789 2455 930 2528 vagantes
950 2465 1003 2527 per
1023 2447 1087 2509 loca
1108 2449 1230 2523 dasena,
1251 2469 1304 2530 per

133 2558 257 2624 montes,
272 2551 426 2631 speluncas
448 2560 478 2613 et
493 2570 632 2614 cavernas
655 2553 865 2618 subterraneas.
895 2553 936 2615 Hi
958 2572 1065 2628 omnes,
1087 2573 1210 2636 qnorum
1231 2557 1302 2618 fides

131 2654 301 2730 celebratur,
317 2675 374 2718 uon
390 2658 460 2720 iacti
475 2668 544 2720 sunt
559 2657 716 2739 participes
730 2659 878 2722 felicitatis
893 2659 1067 2734 Messianae,
1088 2661 1151 2722 Deo
1174 2679 1225 2741 per
1239 2661 1301 2724 sin-

131 2761 262 2841 gularem
277 2761 307 2822 in
322 2783 376 2825 nos
392 2763 551 2826 bonitatem
567 2765 611 2826 ita
627 2759 805 2845 providente,
821 2774 855 2826 nt
878 2766 910 2853 hi
934 2765 1112 2846 antiquiores
1133 2767 1225 2829 sancti
1242 2787 1300 2830 non

131 2876 201 2928 ante
216 2877 348 2948 tempora
364 2879 463 2932 nostra
477 2873 540 2934 Deo
555 2873 716 2933 fruerentur
730 2871 761 2933 in
776 2870 871 2944 coelis,
886 2881 917 2932 et
925 2889 983 2933 non
998 2873 1058 2934 sine
1074 2873 1156 2934 uobis
1165 2893 1301 2937 consum·
1398 2863 1402 2875 ¹

131 2981 244 3035 mamm
261 2973 291 3035 in
306 2977 510 3040 resurreetione
525 2987 705 3040 mortuorum
718 2977 840 3058 gloriam
856 2987 1102 3059 consequerentur,

636 3180 748 3236 semro
771 3180 801 3235 5.

133 3330 358 3411 Exemplum
381 3333 562 3395 maiorum
592 3341 628 3393 et
649 3332 776 3412 ipsius
805 3331 964 3407 Christi,
985 3335 1048 3415 qni
1071 3336 1302 3416 gravissima

134 3435 435 3517 malapertulit,
460 3438 763 3513 estimitandnm,
789 3439 825 3501 in
847 3441 1049 3522 rebusque,
1080 3462 1172 3523 quas
1196 3445 1300 3505 Deus

129 3543 333 3618 immittit,
357 3546 528 3607 adversis
549 3554 729 3626 paternae
751 3547 1242 3628 castigationisconsilium
1259 3570 1300 3611 ac

423 3652 718 3715 emolumentum
744 3655 1004 3734 spectandum.

535 3792 607 3874 (lap.
623 3794 696 3856 ΧΠ.
712 3813 761 3856 vv.
779 3797 896 3862 1—13.

218 3933 379 4014 Postquam
401 3956 423 4000 s.
446 3933 559 3998 Paulus
581 3935 648 3997 fidei
672 3936 798 3998 indolem
821 3937 938 4017 eiusque
952 3935 1013 3998 vim
1029 3945 1117 4016 atque
1139 3936 1298 4000 efficaciam

127 4039 283 4120 permultis
298 4040 441 4122 exemplis
456 4042 667 4103 demonstravit
690 4052 719 4103 et
743 4041 923 4104 confirmavit
946 4039 1022 4125 (cap.
1038 4039 1154 4126 praec),
1179 4043 1298 4105 lectores

128 4165 195 4207 suos
210 4147 386 4218 cohortatur,
402 4155 435 4208 ut
449 4147 532 4208 illam
549 4147 676 4227 priorum
691 4148 840 4210 hominurn
857 4147 946 4208 etiam
962 4147 992 4208 in
1017 4147 1104 4209 malis
1126 4149 1299 4228 perferendis

127 4253 214 4313 iidem
230 4262 319 4333 atque
333 4253 536 4326 constantiam,
552 4253 684 4334 inprimis
707 4263 804 4315 antero
828 4253 916 4315 etiam
931 4253 1004 4315 Jesu
1019 4251 1136 4327 Ohristi,
1158 4253 1208 4334 qui
1229 4273 1298 4335 gra-

123 4357 245 4420 vissima
256 4358 340 4421 mala
354 4359 513 4439 pertulerit,
528 4361 697 4442 exemplum
711 4359 852 4422 imitando
868 4359 1042 4441 exprimant,
1063 4379 1167 4442 eosque
1189 4362 1294 4426 admo-
