3064 4894
281 323 344 390 154
701 321 826 384 mpoaao
845 319 888 368 rx.
908 317 953 368 νο.
972 315 1017 369 at.

279 500 465 594 nihilomiuus
480 509 678 562 verovoeutur
693 499 912 559 tabernaculum
926 493 1292 582 Judueorumimo'detrpu,
1309 506 1454 578 quatenus

278 609 396 670 obscure
410 606 594 688 significabat
608 605 751 686 templum
766 605 905 680 coeleste;
920 603 1078 676 ἀντίτυπος
1092 621 1171 675 vero,
1187 622 1337 683 quatenns
1359 604 1399 662 ad
1415 603 1453 662 si·

279 713 470 776 militudinem
492 712 593 792 templi
616 711 747 774 eoelestis
770 711 870 792 (Vlll.
885 708 938 792 5.)‚
960 712 1038 790 quod
1052 709 1150 790 Moysi
1173 719 1329 770 ostensum
1351 711 1453 778 fuerat,
1511 763 1512 792 ,

277 821 459 883 efformatum
481 816 532 880 'seu
548 827 742 880 constructum
764 827 816 878 est.
831 853 876 865 -
890 816 1031 878 Formula
1052 815 1278 902 ἐμφανισθῆναι
1301 828 1345 900 τῷ
1361 838 1452 900 προς·
1511 815 1512 872 l

278 933 351 1011 ὡπῳ
366 937 418 993 τοῦ
434 925 512 991 Θεοῦ
529 921 602 1009 ὑπὲρ
618 921 699 1009 ὑμῶν
714 924 791 984 idem
806 923 943 994 declarat,
958 925 1035 1004 quod
1044 925 1166 984 verbum
1181 921 1389 1008 ἐντυγχάνειν,
1405 923 1453 983 de-

280 1033 398 1115 precari,
414 1030 593 1111 interpellari
616 1047 667 1109 pro
683 1030 766 1091 nohis
781 1030 864 1114 (Vll.
881 1026 955 1112 25).
985 1029 1121 1090 Pontifex
1143 1048 1209 1090 cum
1231 1030 1380 1110 sauguine
1395 1029 1454 1090 vio-
1511 1019 1512 1104 l

278 1139 413 1202 timarum
430 1137 476 1199 die
491 1136 664 1218 expiationis
679 1137 800 1198 solemni
824 1137 853 1196 iu
875 1137 965 1216 adyto
987 1135 1090 1216 templi
1113 1154 1211 1198 eoram
1234 1154 1304 1198 area
1320 1137 1453 1206 foederis,

163 1291 167 1298 .
278 1265 353 1326 quae
370 1245 424 1306 Dei
439 1245 561 1305 thronus
576 1253 647 1314 erat,
657 1244 851 1322 comparebat,
867 1252 898 1302 et
905 1260 958 1322 pro
968 1242 1075 1321 populo
1086 1242 1283 1304 intercedebat
1289 1264 1299 1318 ;
1316 1242 1453 1304 Christus

277 1369 372 1413 coram
389 1351 451 1430 ipso
466 1349 528 1410 Deo
544 1347 711 1429 comparuit,
728 1359 761 1410 ut
775 1359 903 1410 nostram
919 1367 1037 1410 cansam
1052 1361 1161 1427 ageret,
1183 1367 1235 1428 pro
1257 1350 1346 1410 uobis
1362 1350 1453 1410 iuter-

277 1458 396 1518 oederet
1511 1511 1512 1544 ,

366 1582 393 1622 v.
410 1563 460 1628 25.
478 1558 540 1627 ουδ’
560 1559 609 1626 ἵνα
631 1563 784 1634 πολλάκις
806 1568 961 1647 προςφέρῃ
987 1560 1100 1635 ἑαυτὸν,
1125 1563 1224 1646 ἴυςπερ
1244 1561 1262 1626 ὁ
1286 1562 1452 1650 ἀρχιερεὺς

278 1669 442 1756 εἰςέρχεται
456 1666 499 1742 εἰς
521 1672 559 1733 τά
574 1666 644 1749 ἅγιοι
659 1663 728 1732 κατ’
751 1666 883 1732 ἐνιαυτὸν
899 1667 930 1732 ἐν
945 1666 1048 1754 αἵματι
1070 1668 1234 1754 ἀλλοτρίῳ·
1250 1705 1296 1715 -
1312 1669 1366 1732 Ad
1384 1687 1452 1749 par-
1511 1665 1512 1728 j

277 1777 397 1839 ticulum
414 1772 483 1842 οίνδέ
499 1785 594 1836 mente
609 1774 802 1854 supplendum
818 1783 875 1834 est:
899 1772 1041 1861 εἰσῆλθεν
1064 1773 1106 1849 είς
1120 1781 1171 1841 τὸν
1186 1773 1331 1860 οὐρανόν;
1359 1795 1452 1855 neque
1511 1799 1512 1822 ι

277 1883 419 1963 ingressus
434 1891 478 1943 est
494 1880 627 1942 Christus
642 1880 672 1940 in
687 1879 907 1942 Sanctissimum
924 1881 1054 1953 coeleste,
1079 1891 1112 1942 ut
1133 1882 1241 1943 iterum
1256 1882 1352 1944 exiret
1369 1893 1401 1942 et
1416 1883 1449 1942 de

276 2008 350 2050 novo
374 1987 562 2067 semetipsum
591 1985 620 2047 iu
645 2003 726 2047 cruoe
747 1985 829 2046 Patri
851 2007 903 2048 suo
925 1987 1045 2050 offerret.
1061 2024 1105 2034 —
1127 1995 1305 2075 προςφέρειν
1334 1987 1452 2058 ἑαυτόν,

276 2095 335 2156 scil.
359 2107 400 2179 τῷ
425 2093 490 2178 Θεῷ
514 2112 570 2154 nou
601 2101 646 2154 est
669 2092 916 2172 interpretandum
950 2095 986 2154 de
1009 2094 1191 2175 apparitione
1214 2094 1326 2157 Christi
1352 2113 1449 2156 coram

276 2203 346 2273 Deo,
362 2202 411 2261 sed
427 2201 463 2260 de
479 2207 569 2259 morte
579 2197 688 2260 Christi
703 2198 895 2261 satisfactoria
910 2199 1030 2262 iuoruce
1045 2220 1189 2281 perpessa.
1218 2202 1330 2262 Auctor
1341 2219 1447 2280 nempe

280 2305 402 2387 opponit
417 2303 524 2366 Christi
533 2303 711 2367 oblationem
725 2305 864 2386 ingressui
874 2305 1017 2386 pontificis
1031 2307 1061 2368 iu
1071 2305 1181 2370 Sancta
1189 2306 1368 2370 Sanctorum
1385 2327 1448 2370 enm

277 2411 417 2492 sanguine
431 2409 534 2482 alieno,
550 2418 638 2490 atque
653 2412 752 2472 eodem
768 2413 853 2474 modo
868 2411 937 2474 dicit
946 2410 1095 2474 Christum
1110 2413 1139 2474 iu
1155 2413 1268 2476 eoelum
1283 2413 1449 2494 ingressum
1511 2451 1512 2490 ς

276 2537 370 2582 coram
388 2519 450 2578 Deo
466 2515 643 2596 apparuisse,
660 2535 717 2581 uon
732 2527 767 2578 ut
780 2517 892 2580 eoelum
908 2518 1051 2598 ingressus
1066 2521 1159 2580 denuo
1175 2521 1358 2599 egrederetur
1375 2531 1406 2582 et
1420 2519 1448 2580 iu

274 2613 380 2688 terram
396 2625 589 2695 descenderet,
604 2621 701 2703 ibique
717 2641 814 2686 rursus
829 2623 1011 2697 occideretur,
1038 2635 1068 2686 et
1089 2627 1183 2687 denuo
1204 2625 1234 2686 in
1251 2626 1345 2687 vitam
1362 2646 1448 2688 revo-
1511 2609 1512 2672 l

274 2743 358 2794 catus
373 2730 489 2810 saepius
504 2748 535 2790 se
550 2729 580 2789 iu
595 2728 673 2790 coelo
688 2729 751 2792 Deo
765 2731 886 2792 offerret.
911 2733 947 2792 In
962 2751 1052 2810 eoque
1067 2731 1201 2802 ostendit,
1217 2730 1371 2794 Christum
1388 2753 1448 2794 esse
1511 2733 1512 2740 ί

276 2837 446 2900 dissimilem
462 2833 588 2916 pontifici
604 2854 693 2916 eoque
709 2837 959 2916 praestantiorem,
979 2837 1079 2918 primo,
1104 2840 1180 2918 quod
1204 2838 1335 2918 pontifex
1352 2839 1448 2901 Sauc-

275 2944 417 3006 tissimum
433 2941 576 3020 ingressus
590 2959 687 3002 rursus
702 2941 907 3022 egrediebatur,
923 2952 953 3004 et
963 2945 1039 3006 hunc
1048 2943 1207 3024 ingressum
1223 2945 1383 3026 quotannis
1396 2963 1447 3006 re-

276 3051 404 3128 petebat,
420 3050 548 3127 adeoque
563 3046 678 3127 saepius
693 3047 914 3128 ingrediebatur,
936 3048 1070 3112 Christus
1084 3061 1182 3112 autem
1206 3050 1295 3112 semel
1312 3061 1448 3124 tantnm3

277 3155 387 3226 deinde,
403 3156 478 3234 qnod
494 3153 624 3233 pontifex
641 3151 860 3216 Sanctissimum
875 3155 1089 3235 ingrediebatur
1104 3176 1169 3218 cum
1185 3156 1281 3218 alieno
1297 3157 1447 3238 sanguiue,

276 3281 379 3341 nempe
394 3260 577 3322 victimarum
594 3258 640 3343 (ut
649 3262 721 3322 adeo
737 3270 813 3321 esset
822 3261 898 3322 alius
905 3263 1037 3322 sacerdos
1046 3272 1075 3322 et
1085 3263 1145 3324 alia
1154 3262 1296 3339 victima),
1312 3263 1447 3324 Christus

280 3377 378 3428 autem
394 3365 588 3448 cum'proprio
603 3363 740 3446 sauguine
758 3363 805 3450 (ut
826 3369 898 3428 adeo
913 3370 1044 3429 sacerdos
1064 3368 1102 3428 sit
1123 3368 1197 3430 idem
1221 3389 1286 3430 cum
1303 3368 1446 3436 victimal.
1511 3363 1512 3436 i

279 3509 323 3519 --
333 3471 438 3538 ἑαυτὸν
453 3473 551 3553 itaque
567 3482 611 3533 est
627 3473 702 3534 ide'm
718 3474 793 3552 quod
810 3479 843 3537 τὸ
856 3473 931 3538 ἴδιον
947 3472 1021 3558 αἱμα
1038 3477 1077 3556 (ν,
1088 3472 1169 3557 12.);
1186 3475 1320 3554 sanguini
1336 3473 1447 3535 Christi
1511 3469 1512 3558 J

274 3581 428 3662 opponitur
443 3578 518 3664 αἷμα
535 3577 706 3662 ἀλλότριον,
723 3579 840 3658 sanguis
856 3579 968 3640 alienus
984 3579 1167 3641 victimarum
1182 3580 1298 3642 scilicet
1511 3661 1512 3668 ἶ

361 3707 388 3748 v.
405 3687 455 3752 26.
473 3685 535 3750 ἐπεὶ
550 3685 610 3750 ἔδει
626 3681 713 3751 αι’)τόν
729 3687 882 3758 πολλάκις
898 3689 1007 3750 παθεῖν
1033 3685 1092 3750 άπὸ
1116 3689 1293 3774 καταβολῆς
1317 3692 1444 3771 κόσμου·
1511 3723 1512 3726 ¹

272 3805 321 3860 νυν
338 3795 370 3857 δὲ
387 3791 475 3867 ἅπαξ,
492 3792 539 3858 ἐπὶ
556 3793 708 3875 συντελεία
725 3804 781 3856 τῶν
797 3789 920 3864 αἰώνων,
936 3790 979 3865 εἰς
996 3791 1141 3878 ἀθέτησιν
1158 3791 1307 3878 ἁμαρτίας
1324 3793 1375 3855 διά
1391 3804 1445 3878 τῆς
1511 3853 1512 3870 ς

274 3905 385 3974 θυσίας
400 3895 493 3964 αὑτοῦ
503 3905 719 3984 πεφανέρωται.
730 3935 773 3943 -
784 3898 946 3978 Apostolus
961 3899 1147 3962 ababaurdo
1163 3901 1352 3970 demonstrat,
1369 3900 1445 3978 quod

275 4006 408 4066 Christus
423 4005 539 4085 saepius
554 4013 675 4064 mortem
692 4005 867 4084 piacularem
891 4005 986 4066 subire
1008 4024 1065 4066 non
1088 4004 1219 4084 potuerit.
1239 4039 1277 4048 -
1295 4003 1446 4064 Particula
1511 4009 1512 4012 ’

273 4112 344 4187 ἐπεί,
361 4111 499 4192 alioquin,
518 4112 547 4171 ni
563 4111 605 4170 ita
621 4121 704 4184 esset,
728 4111 858 4190 usurpari
881 4111 963 4184 solet,
986 4121 1018 4171 ut
1040 4110 1164 4190 intelligi
1186 4111 1291 4170 debeat
1313 4120 1367 4170 aut
1382 4109 1446 4190 ipsa
1511 4139 1512 4164 ι

272 4218 441 4290 enuntiatio,
457 4237 531 4296 quae
547 4217 708 4296 praecessit,
724 4227 775 4278 aut
790 4227 864 4278 certe
879 4216 1027 4288 eiusmodi,
1050 4237 1125 4297 qnae
1139 4216 1215 4276 idem
1231 4215 1367 4282 declaret,
1399 4213 1446 4277 Sic
1511 4255 1512 4310 ι

272 4327 300 4388 h.
312 4325 330 4384 l.
340 4324 533 4402 supplendum
549 4333 607 4382 est:
624 4320 648 4381 si
664 4323 855 4384 necessarium
871 4323 978 4395 fuisset,
996 4333 1029 4383 ut
1044 4321 1177 4384 Christus
1200 4320 1315 4401 saepius
1331 4331 1440 4382 semet·
1511 4313 1512 4316 ¹
