3106 4888
754 321 878 388 Expositio
897 321 928 374 X.
943 320 967 377 l.

701 500 772 583 Cap.
788 501 829 563 X.
844 522 892 564 vv.
911 505 1028 569 1-18.

366 643 527 725 Apostolus
550 663 569 704 a
589 663 617 704 v.
637 644 752 708 1—10.
775 642 868 724 pergit
889 642 918 704 in
941 646 1164 706 demonstranda
1185 645 1313 708 saorifioh
1336 646 1447 710 Christi

278 751 459 834 praestantia
473 750 525 823 ita,
540 757 581 823 ut,
596 767 662 810 eum
677 757 764 810 antea
780 748 888 811 Christi
904 749 1073 812 sacrificinm
1090 773 1196 825 aarum,
1212 753 1250 814 ad
1265 753 1445 834 expiandum

275 867 413 940 perpetuo
428 856 540 929 valeus,
558 856 724 937 opposuerit
740 854 882 936 pontificis
897 859 1052 938 sacrificio
1070 878 1184 932 annuo,
1210 878 1285 920 nunc
1299 859 1373 920 illud
1389 881 1445 940 op-

274 975 366 1047 ponat
381 965 612 1046 sacrificiorum
634 961 843 1034 multitudini,
867 980 958 1022 nona
980 962 1041 1023 solo
1065 963 1199 1043 pontilioe
1220 966 1270 1025 sed
1292 966 1411 1028 omnino
1426 988 1446 1028 a

273 1071 470 1134 saeerdotibus
486 1067 605 1130 indaiois
629 1067 784 1148 quotannis
806 1077 943 1148 perpetuo
966 1068 1125 1142 offerendis,
1147 1079 1235 1152 atque
1257 1071 1392 1146 affirmet,
1408 1093 1444 1134 ea

272 1198 329 1240 non
344 1197 427 1258 posse
442 1176 566 1257 perfecte
581 1173 706 1254 expiare.

361 1303 387 1346 v.
408 1284 434 1347 l.
451 1279 543 1346 Σκτὰν
558 1285 616 1366 γὰρ
632 1279 714 1366 ἔχων
729 1277 746 1343 ὁ
762 1285 854 1366 νόμας
869 1293 925 1345 τῶν
936 1283 1108 1366 μελλόντων
1118 1280 1255 1363 ἀγαθῶν,
1272 1280 1329 1348 olla
1346 1281 1441 1373 αὐτὴν

271 1395 324 1480 τὴν
341 1387 440 1453 εἰκόνα
455 1399 512 1452 τῶν
527 1393 718 1472 πραγμάτων,
733 1383 801 1450 κατ’
812 1386 943 1451 ἐνιαυτὸν
953 1398 1017 1460 ταῖς
1027 1384 1130 1461 αὐταῖς
1146 1391 1275 1462 θυσίαις,
1292 1391 1330 1462 ἃς
1341 1413 1437 1474 προς-

271 1502 412 1585 peponum
429 1492 470 1568 εἰς
485 1498 518 1558 τὸ
534 1494 678 1579 διηνεκὲς,
695 1488 836 1557 οὐδέποτε
859 1493 995 1558 δόνανται
1018 1496 1089 1567 τοὺς
1110 1502 1376 1582 προςερχομέναυς
1391 1521 1441 1560 τε-

272 1605 404 1668 λειῶσαι.
420 1635 464 1646 -
479 1598 629 1661 Particula
643 1605 701 1684 γάρ
711 1600 802 1672 dooet,
818 1598 1127 1679 sequentiaoohaerere
1142 1619 1206 1662 oum
1222 1600 1441 1683 ultimoeapitis

270 1707 466 1791 praecedentis
482 1723 575 1768 versu.
606 1703 740 1766 Christus
755 1703 845 1766 semel
867 1705 985 1766 oblatus
1007 1714 1051 1766 est
1073 1707 1111 1767 ad
1127 1705 1285 1768 multorum
1307 1708 1440 1770 tollenda

268 1825 395 1898 peecata,
412 1834 468 1876 uno
478 1811 615 1874 sacrificio
624 1810 753 1872 omnium
768 1820 887 1891 peooata
901 1810 1047 1891 expiavit3
1062 1830 1132 1872 nam
1148 1811 1204 1885 lex,
1220 1832 1287 1875 oum
1301 1815 1439 1876 umbram

268 1932 383 1984 tantum
399 1921 546 1984 eontineat
561 1919 722 1980 futurorum
738 1919 887 1989 honorum,
904 1937 961 1978 non
970 1917 1065 1998 ipsam
1075 1917 1231 1998 imaginem
1246 1937 1350 1994 rernm,
1365 1919 1438 2001 ipsis

162 2033 171 2051 “
268 2027 413 2091 sacrifieiis
427 2025 634 2107 piacularibus,
650 2043 724 2105 quae
734 2023 890 2105 quotannis
899 2023 960 2086 sine
969 2024 1181 2087 intermissione
1196 2027 1362 2100 offemntur,
1380 2047 1436 2090 non

269 2144 366 2216 potest
380 2132 512 2194 homines
528 2133 622 2193 Deum
638 2132 777 2192 adeuntes
801 2133 925 2211 perfecte
949 2131 1076 2211 expiare.
1094 2168 1134 2176 -
1151 2132 1229 2194 Inoo
1243 2131 1368 2212 pluralis
1384 2135 1436 2198 δό-

270 2263 372 2306 ναντατ
388 2240 527 2301 tenendus
543 2247 588 2299 est
602 2257 667 2299 enm
682 2237 814 2318 Reoepta
822 2235 976 2317 singularis
991 2238 1112 2340 δόμαται
1129 2239 1298 2321 (secundum
1313 2236 1378 2312 D*,‚
1395 2241 1437 2313 ll,

267 2342 1026 2429 K.,L.,1tsl.,Vu1g.).-Persapalouaauuea
1042 2343 1435 2428 intelligunturmrxrr.)
1536 2333 1537 2352 ¹

266 2451 394 2534 expiatio
410 2451 440 2512 in
456 2459 628 2533 perpetuum
643 2449 779 2522 valitura,
795 2449 983 2511 sanctificatio
998 2449 1112 2511 interna
1127 2449 1287 2512 etlelioitas
1302 2461 1432 2525 aeterua;

242 2616 244 2626 ,
265 2577 381 2641 prorsus
396 2559 517 2620 eandem
532 2555 592 2617 vim
615 2557 706 2617 habet
730 2557 758 2617 h.
775 2556 793 2616 l.
818 2555 907 2616 etiam
931 2556 1106 2618 venabulum
1127 2563 1295 2642 πράγματα.
1311 2591 1356 2604 -
1371 2559 1433 2620 Iex

264 2665 367 2742 dieitur
383 2667 471 2730 σκιὰν
487 2664 567 2750 ἔχων
589 2675 647 2727 τῶν
663 2664 835 2748 μελλόντων
850 2661 985 2744 ἀγαθῶν,
1008 2661 1145 2742 quoniam
1161 2663 1235 2725 siout
1249 2666 1356 2725 umbra
1370 2683 1432 2726 eor-

265 2771 349 2854 poris,
364 2793 384 2833 a
398 2791 456 2852 quo
472 2769 625 2852 proicitur,
641 2768 889 2849 imperfectissima
905 2767 1063 2830 similitudo
1086 2779 1138 2841 est,
1162 2769 1204 2830 ita
1227 2769 1274 2831 lex
1297 2788 1349 2850 per
1363 2790 1429 2832 suas

264 2878 438 2942 oeremonias
452 2877 609 2939 admodum
625 2877 744 2937 obscure
759 2885 789 2936 et
803 2873 968 2955 imperfecte
983 2877 1060 2936 bona
1075 2877 1173 2937 futura
1188 2874 1378 2956 signifioabat
1389 2913 1429 2923 -

265 2985 354 3046 Porro
370 2984 394 3044 si
411 2983 531 3045 dieitur:
556 2979 613 3046 oba
628 2975 721 3070 αόέἠν
736 2987 789 3070 τὴν
805 2978 906 3048 εἰκόνα
921 2987 1113 3068 πραγμάτων,
1136 3001 1238 3044 nomen
1262 2961 1352 3048 αἰνόν
1367 2985 1395 3046 h.
1410 2984 1428 3044 l.

264 3100 420 3170 usurpatur
435 3107 486 3170 pro
501 3106 571 3151 vera
586 3097 615 3149 et
630 3087 701 3149 reali
717 3087 978 3168 repraesentatione
999 3087 1040 3148 rei
1056 3087 1193 3166 alienius3
1215 3086 1302 3154 elain
1324 3089 1430 3152 seilicet

263 3198 292 3261 h.
309 3196 328 3258 l.
344 3205 382 3282 τῇ
398 3207 470 3280 σκιᾷ
484 3194 640 3276 opponitur
655 3214 713 3274 qna
728 3212 797 3256 vera
812 3203 842 3256 et
856 3194 943 3256 realis
957 3195 1053 3274 imago
1068 3197 1229 3256 futurorum
1245 3197 1428 3258 bonorumet

263 3301 429 3365 eoelestium
444 3319 598 3384 eorumque
608 3300 762 3362 essentiam
778 3299 808 3361 in
824 3302 990 3374 sehabens;
1007 3303 1111 3362 umbra
1120 3319 1187 3362 vero
1196 3301 1322 3363 essentia
1331 3319 1427 3364 carens

262 3407 336 3470 nihil
352 3408 456 3470 horum
471 3407 501 3469 in
517 3427 548 3469 se
563 3409 670 3470 habere
686 3416 789 3488 potest.
808 3443 846 3455 -
865 3407 969 3468 Novus
991 3425 1057 3487 ergo
1079 3409 1147 3468 ordo
1170 3425 1221 3486 per
1236 3406 1384 3470 Christum
1398 3408 1426 3469 in

262 3525 340 3576 terra
356 3515 496 3576 fundatus
511 3524 563 3587 est,
580 3512 640 3574 sive
656 3513 775 3575 ecelesia
790 3514 948 3576 ohristiana
973 3516 1049 3574 hona
1069 3513 1148 3593 regni
1170 3513 1301 3576 eoelestis
1315 3515 1426 3576 realiter

266 3623 297 3682 in
313 3641 343 3682 se
359 3620 493 3694 continet,
509 3629 539 3680 et
553 3619 583 3682 in
599 3620 786 3681 samameutis
808 3620 867 3680 suis
882 3622 936 3681 sub
951 3621 1017 3681 velo
1039 3619 1112 3699 signi
1131 3619 1276 3681 sensibilis
1297 3620 1425 3682 fidelibus

262 3729 426 3808 dispensat:
441 3726 619 3806 imperfectio
636 3725 771 3788 eeclesiae
787 3726 928 3787 terrestris
938 3726 967 3786 in
977 3725 1177 3800 hoooonsistit,
1193 3727 1271 3807 quod
1279 3726 1337 3788 ista
1352 3729 1423 3788 bona

261 3833 374 3898 nonnisi
390 3835 445 3894 sub
460 3832 514 3893 tali
529 3831 674 3894 velamine
690 3832 794 3894 nostris
810 3833 941 3894 sensibus
952 3835 1134 3894 terrestribus
1144 3833 1330 3895 aooomodatn
1346 3832 1422 3894 nohis

261 3940 353 4000 offerri
369 3939 488 4018 possint.
520 3941 555 4000 Iu
570 3948 687 4000 aeterua
712 3937 890 4000 beatitudine
912 3939 985 4000 haee
1006 3939 1182 4018 imperfectio
1204 3939 1337 4000 cessabit
1345 3939 1368 4022 ¹)
1389 3969 1416 3982 ψ

262 4046 300 4117 ἃς
322 4051 538 4130 πραςφὲροωαιν
562 4043 670 4106 scilieet
685 4046 845 4105 sacerdotes
860 4045 990 4106 Levitiei.
1072 4042 1100 4110 nl
1115 4051 1352 4131 πραςερχόμτνω
1367 4037 1419 4106 soil.

262 4161 302 4234 τῷ
318 4149 384 4235 Θεῷ
400 4160 468 4210 sunt
482 4150 511 4222 ii,
535 4166 586 4230 pro
607 4151 712 4231 quibus
734 4151 872 4212 sacrificia
894 4151 1059 4223 offeruntur,
1083 4151 1132 4231 qui
1153 4161 1183 4212 et
1198 4169 1282 4213 versu
1299 4171 1357 4232 seq,
1372 4149 1419 4231 (uti

355 4339 373 4410 ι)
392 4341 443 4389 ca.
462 4340 572 4406 Bspiap
590 4346 606 4391 1.
625 4305 655 4401 a,
674 4343 710 4393 ss.
730 4341 790 4394 219.
811 4346 827 4394 r.
