3072 4882
277 349 336 412 132
421 345 425 354 ’
549 346 673 406 Expositio
693 345 764 394 VIII.
786 345 827 402 5.;
847 346 962 408 paraphr.
982 345 1053 394 VIII.
1077 344 1152 394 1-5.

361 546 388 585 v.
406 525 435 591 5.
462 522 564 598 οἵτινες
585 520 778 612 ὑποδείγματι
799 529 851 589 καὶ
876 537 947 610 σκιῖρ
969 524 1146 609 λατρεὺοοσι
1166 536 1222 590 τῶν
1245 522 1443 608 ἐπουρανίων,

269 636 379 705 καθὼς
395 637 634 719 κεχρημάτισται
650 628 796 720 Modone,
819 632 942 717 μέλλων
965 629 1106 698 ἐπιτελεῖν
1122 636 1175 719 τὴν
1198 637 1318 717 σκηνήν.
1343 624 1442 713 Ὅροι,

268 745 325 824 γάρ
342 760 423 826 φησι,
446 745 580 826 ποιήσεις
604 744 701 802 πάντα
723 741 802 802 κατὰ
826 741 875 802 τὸν
899 741 996 812 rocon,
1020 742 1069 803 τὸν
1093 739 1255 824 δειχθέντα
1278 759 1324 801 σοι
1349 734 1380 800 ἐν
1399 747 1444 819 τῷ

267 844 338 930 ὄρει.
359 881 396 890 ·-
416 845 528 906 Auctor
543 843 682 905 rationem
693 845 841 925 quandam
851 843 981 906 divinam
990 863 1066 906 nuno
1075 844 1219 926 expriruit,
1235 861 1284 906 cnr
1294 841 1442 912 Christus,

267 952 291 1013 si
306 951 336 1013 in
351 952 435 1013 terris
450 961 534 1023 esset,
548 953 681 1014 sacerdos
697 970 832 1012 essenon
855 961 960 1032 posset,
985 970 1088 1032 nempe
1110 950 1179 1032 quia
1201 951 1361 1013 sacerdotes
1386 949 1443 1021 illi,

266 1057 361 1139 quiin
377 1057 461 1120 terris
476 1060 612 1138 degentes
627 1057 758 1130 offerunt,
775 1060 894 1119 umbrae
911 1068 1025 1120 tanturn
1047 1057 1176 1123 servium
1191 1056 1366 1130 coelestiam,
1393 1067 1444 1117 ast

265 1163 400 1226 Christus
417 1165 548 1244 pontifex
564 1185 621 1227 non
638 1164 733 1245 potnit
748 1165 855 1226 servIre
871 1166 992 1226 umbrae
1008 1173 1124 1226 tanturn
1140 1163 1313 1226 coelestium.
1334 1200 1353 1206 --
1379 1163 1442 1223 Per

265 1275 303 1335 τὰ
319 1269 482 1355 ἐπουράνια
498 1270 717 1351 intelligendum
734 1280 779 1332 est
795 1271 938 1352 templum
953 1273 1084 1346 coeleste,
1110 1271 1190 1334 ouius
1206 1271 1301 1349 Imago
1317 1278 1440 1330 tanturn

264 1387 294 1437 et
308 1376 492 1438 adumbratio
515 1385 577 1438 erat
598 1376 742 1458 templum
764 1377 1070 1458 Hiemsolymitannm.
1096 1415 1132 1421 -
1152 1377 1284 1438 Verbum
1307 1398 1441 1463 χρημα-

263 1488 347 1558 τίζειν
364 1482 535 1564 generaliter
550 1483 697 1563 designat:
720 1485 755 1545 de
770 1502 801 1545 re
817 1484 918 1565 aliqua
932 1503 1024 1565 agere,
1047 1503 1108 1546 rem
1130 1483 1319 1546 consultando
1341 1502 1442 1563 expe-

262 1589 339 1664 dire;
356 1588 506 1671 speciatim
522 1591 560 1651 ad
575 1589 696 1651 consilia
711 1589 850 1652 divinitus
866 1592 937 1652 data
951 1593 1071 1652 refertur
1086 1611 1171 1652 sensu
1189 1590 1283 1652 activo
1299 1589 1347 1673 (de
1357 1587 1441 1671 Deo)

261 1706 291 1758 et
307 1697 424 1778 passivo
440 1694 710 1784 (χρηματίζεσθαι)
736 1699 832 1778 quoad
848 1698 979 1759 homines
994 1697 1114 1760 consilia
1136 1695 1235 1758 diviua
1257 1695 1441 1776 excipientes

261 1803 323 1886 (cfr.
340 1805 430 1865 Hebr.
448 1804 504 1864 Xl.
523 1805 566 1877 7.;
584 1805 673 1865 Mtth.
690 1806 728 1865 II.
748 1805 795 1868 12.
813 1805 880 1876 223
900 1804 964 1866 Act.
980 1805 1022 1870 X,
1039 1803 1112 1884 22).
1132 1840 1173 1848 -
1185 1803 1305 1864 Verbis:
1321 1807 1441 1876 καθὼς

261 1917 501 1997 κεχρημάτισται
517 1907 653 1999 Modone
676 1933 704 1974 κ.
721 1935 745 1974 τ.
762 1917 791 1975 λ.
807 1932 925 1972 causam
949 1913 1042 1972 adfert
1064 1911 1223 1992 apostolus,
1247 1929 1295 1972 cur
1318 1911 1440 1983 dixerit,

259 2019 420 2079 sacerdotes
434 2016 562 2078 iudaicus
578 2017 740 2079 ministrare
755 2013 946 2104 ὑποδείγματι
961 2023 1014 2084 καὶ
1029 2029 1109 2103 σκιᾷ,
1126 2029 1155 2079 et
1171 2035 1220 2079 cnr
1229 2019 1340 2078 habeat
1357 2030 1439 2078 tern-

259 2123 342 2204 plum
357 2122 655 2204 Hierosolymitanuru
671 2123 825 2205 imaginem
842 2125 1022 2187 tabernaculi
1045 2125 1114 2197 veri,
1140 2127 1214 2204 quod
1233 2126 1312 2186 Dens
1328 2135 1358 2184 et
1376 2145 1437 2187 non

260 2231 348 2292 homo
364 2229 431 2292 fecit
446 2229 524 2312 (ooll.
541 2250 568 2289 v.
586 2229 636 2310 2,).

670 2407 1018 2487 Paraphrasis.

654 2549 726 2629 (lap.
750 2549 836 2611 VIII.
863 2569 910 2610 vv.
939 2551 1033 2616 1-5.

347 2711 536 2791 Praecipuum
554 2727 660 2780 eornm,
676 2727 750 2788 qnae
765 2707 895 2782 dicimus,
911 2719 969 2770 est:
994 2718 1095 2770 tantae
1117 2709 1267 2788 dignitatis
1284 2711 1434 2774 habemus

258 2817 431 2900 pontificem,
447 2825 481 2878 nt
497 2817 526 2877 iu
542 2815 629 2878 coelis
644 2817 745 2877 dexter
760 2815 888 2877 assideat
903 2816 1007 2877 throno
1022 2815 1085 2888 Del,
1101 2815 1217 2877 divinae
1232 2835 1346 2879 consors
1361 2839 1435 2880 ma-

256 2923 377 2996 iestatis,
395 2922 445 3002 qui
461 2921 616 2984 sanctuarii
632 2921 763 2984 coelestis
788 2931 832 2983 est
855 2921 986 3003 minister
1007 2931 1037 2983 et
1061 2922 1240 2984 tabernaculi
1255 2923 1325 2996 veri,
1351 2929 1436 3004 quod

258 3040 430 3110 perpetuum
445 3040 533 3109 atque
548 3029 697 3090 immobile
713 3028 779 3090 fecit
793 3029 856 3109 ipse
870 3031 950 3090 Deus
965 3039 995 3090 et
1010 3049 1066 3098 non
1082 3030 1176 3092 homo.
1209 3030 1263 3092 Est
1277 3030 1361 3093 uobis
1378 3053 1435 3094 sa-

258 3138 355 3198 cerdos
366 3155 511 3210 snmruus;
528 3155 596 3196 nam
606 3155 695 3217 quum
711 3135 806 3215 quIvis
815 3135 946 3216 pontifex
956 3146 1107 3217 propterea
1121 3136 1214 3198 soleat
1228 3136 1372 3210 constitui,
1399 3151 1436 3202 ut

256 3239 395 3304 sacrificia
410 3243 520 3314 offerat,
544 3227 661 3304 necesse
678 3251 731 3316 est,
756 3250 790 3303 ut
814 3252 843 3302 et
867 3241 1008 3316 Christus,
1032 3242 1161 3324 pontifex
1184 3253 1287 3316 noster,
1314 3244 1433 3307 habeat

254 3347 373 3429 aliquid,
389 3350 466 3431 qnod
482 3349 591 3411 offerat.
623 3346 710 3418 Quod
725 3349 750 3410 si
765 3367 851 3430 super
866 3357 973 3410 terram
983 3359 1153 3423 versaretur,
1170 3350 1310 3430 pontificis
1326 3360 1432 3430 partes

255 3475 312 3518 non
327 3465 433 3535 ageret,
450 3454 518 3535 quia
533 3454 652 3516 minime
667 3457 771 3518 desunt
786 3457 956 3528 sacerdotes,
977 3457 1025 3536 qui
1041 3477 1078 3518 ex
1096 3456 1270 3537 praescripto
1286 3455 1357 3536 legis
1374 3478 1431 3520 sa-

254 3560 358 3624 crificia
373 3561 504 3634 offerunt,
520 3561 569 3642 qui
585 3581 630 3623 res
645 3561 760 3624 divinas
775 3571 878 3624 curant
892 3561 922 3624 in
937 3562 1055 3643 templo,
1072 3564 1149 3646 quod
1159 3562 1312 3644 imaginem
1329 3573 1359 3624 et
1369 3566 1431 3626 ad-

253 3668 466 3730 umbrationem
481 3668 602 3730 exhibet
617 3668 719 3749 templi
729 3668 868 3741 coelestis,
883 3668 1046 3731 sicntDeus
1055 3669 1151 3751 Moysi
1161 3669 1342 3750 significavit,
1357 3691 1428 3733 cum

252 3775 296 3836 illi
312 3777 434 3838 formam
450 3775 615 3836 exstruendi
638 3775 817 3837 tabernaculi
840 3774 1036 3856 praescribens
1051 3776 1140 3842 dixit:
1155 3776 1241 3848 Vide,
1267 3785 1300 3838 ut
1322 3779 1427 3840 omnia

245 3880 341 3954 ,facias
356 3884 513 3944 secundum
528 3882 687 3962 exemplar,
703 3882 780 3962 quod
795 3880 848 3942 tibi
866 3882 894 3942 in
910 3891 1007 3944 monte
1016 3881 1098 3945 Sinai
1114 3892 1305 3945 monstratum
1323 3893 1379 3948 est.
