3096 4886
552 389 677 458 Expontn
695 389 726 443 X.
746 389 859 444 12-14.
1223 393 1286 464 163

121 567 285 636 Ολαίοίνοι
306 571 483 636 sacerdotem
505 574 658 637 eedmtem
679 569 857 633 Jndeeorum
884 570 1024 655 pontifion'
1045 572 1152 634 stanti.
1172 607 1214 618 -
1230 571 1288 634 Pro

120 689 179 751 πᾶς
197 682 250 764 μὲν
265 677 425 765 ἀρχιερεὺς
440 679 541 759 legunt
558 677 674 750 Eleon,
691 677 810 752 Schola,
828 677 1038 757 Pioehmdorf
1048 685 1078 737 et
1091 675 1143 738 alii
1158 689 1218 751 πῶς
1234 681 1287 764 μὲν

120 781 232 869 [speon
248 787 298 847 sed
314 786 501 866 praeferende
516 793 561 846 est
575 782 659 845 leotio
675 795 734 857 πᾶς
750 787 804 869 μὲν
820 780 987 868 ἀρχιερεὺς,
1011 782 1055 844 oui
1072 792 1187 867 praeter
1201 783 1237 848 A.
1254 783 1286 846 Ο.

119 889 208 952 etiem
223 891 318 954 versio
333 889 455 973 Syriaca
476 890 659 971 suffragetur,
680 909 756 971 quse
779 891 884 951 hebet:
907 893 1053 972 princepe
1074 891 1288 966 sacerdotum

121 995 280 1084 ἀρχιερείις
295 997 325 1060 h.
341 997 360 1058 l.
377 1017 436 1078 qne
451 996 584 1077 prinoeps
599 1005 628 1056 et
643 1004 865 1077 repraesentans
880 993 1010 1057 omnium
1019 997 1200 1058 saeerdotnm
1210 997 1288 1078 eogi-

122 1105 230 1164 tandus
246 1111 305 1178 est3
321 1102 486 1183 pontifioem
502 1112 601 1164 eutem
623 1097 701 1166 καθ’
717 1099 832 1191 ἡμέραν
853 1100 1041 1174 ministrasse,
1062 1100 1122 1162 iem
1143 1101 1214 1165 Vll.
1237 1106 1289 1172 27.

121 1207 229 1271 dietum
246 1217 358 1270 est-
374 1218 532 1292 περιαιρεῖν
548 1207 626 1268 idem
640 1215 693 1280 est,
709 1209 785 1288 qnod
800 1226 828 1269 v.
844 1208 875 1272 4.
891 1205 1043 1293 ἀραιρεῖν;
1069 1215 1153 1270 notet
1167 1211 1288 1285 anferre,

123 1332 278 1376 removere.
294 1350 336 1361 -
353 1313 489 1376 Pontifex
504 1315 603 1395 itaque
617 1312 796 1376 ludaeorum
811 1312 992 1376 seorifioebst
1013 1322 1104 1387 stans,
1127 1325 1157 1376 et
1171 1335 1290 1398 eompa-

120 1429 202 1482 retur
217 1421 246 1482 h.
263 1421 283 1486 l.
299 1439 364 1484 onrn
380 1419 504 1494 Christo,
520 1419 569 1501 qui
585 1418 663 1506 (ooll.
678 1439 707 1482 v.
723 1416 796 1505 seq.)
819 1417 902 1480 velut
916 1413 1059 1481 Dominus
1083 1421 1122 1483 ad
1137 1423 1290 1486 dexteram

120 1526 176 1588 Dei
191 1526 328 1616 ¹oonsedit.

211 1653 239 1693 v.
259 1633 306 1699 12.
324 1629 412 1707 οὗτος
429 1633 461 1697 δὲ
479 1636 548 1718 μίαν
570 1627 644 1714 ὑπὲρ
660 1629 812 1718 ἁμαρτιῶν
834 1638 1035 1715 προςενέγκας
1057 1635 1176 1712 θυσίαν,
1199 1631 1240 1708 εἰς
1256 1641 1289 1700 τὸ

125 1740 261 1827 διηνεκὲς
270 1738 414 1805 ἐκάθισεν
424 1738 455 1804 ἐν
464 1740 547 1825 δεξιᾷ
556 1749 609 1805 τοῦ
619 1737 705 1806 Θεοῦ,
717 1775 756 1784 -
769 1738 825 1799 Pro
833 1734 922 1811 οὗτος
931 1739 964 1802 δὲ
976 1739 1074 1819 legunt
1084 1741 1190 1804 Eleon.
1200 1737 1291 1815 αθτὸς

126 1847 176 1918 δίς
193 1856 241 1906 ast
256 1842 344 1920 οὗτος
361 1847 394 1911 δέ
417 1845 552 1928 praeferri
573 1847 662 1907 debet
682 1846 720 1907 ob
742 1843 781 1918 A,
797 1842 830 1918 0,
845 1840 899 1918 D*‚
914 1844 959 1917 Ε,
981 1842 1051 1917 Sin,
1071 1846 1109 1907 ob
1131 1846 1291 1908 versionem
1384 1885 1390 1892 -

12 2019 13 2022 ,
126 1951 307 2036 Syriacam,
323 1961 490 2033 νῶναιιιριιο
505 1954 690 2029 Arabicam,
707 1951 1109 2033 dopr.,13oom.,nurt0p.‚
1126 1954 1225 2029 Amo,
1242 1953 1292 2027 Ie,

128 2057 219 2138 Vulp.
234 2067 264 2120 et
278 2058 362 2120 elias.
377 2094 421 2106 —
436 2058 538 2120 Verbo
559 2054 601 2132 εὶς
616 2061 649 2122 τὸ
666 2057 800 2144 διηνεκές
819 2057 966 2118 referende
981 2066 1049 2118 sunt
1071 2059 1109 2119 ud
1131 2055 1291 2134 ἐκάθισεν;

120 2163 226 2226 exinde
241 2164 327 2238 enim,
342 2166 419 2246 qnod
434 2163 568 2226 Christus
581 2163 612 2225 in
627 2173 799 2246 perpetuum
814 2164 853 2225 nd
862 2165 1012 2225 dexterum
1027 2163 1082 2225 Dei
1098 2167 1207 2239 sedeat,
1222 2184 1291 2247 pro-

121 2274 210 2333 betur
232 2269 339 2345 v.14.‚
361 2289 451 2333 unum
474 2269 583 2332 christi
607 2269 777 2334 seorilieinm
799 2269 965 2333 oonoiliusse
989 2269 1155 2333 hominibus
1174 2273 1293 2353 plenam

122 2385 306 2460 peoentornm
321 2376 446 2440 renium
462 2411 507 2424 -—
522 2374 716 2458 Opponuntnr
738 2385 838 2438 autem
854 2376 882 2438 h.
899 2375 936 2438 l.:
956 2373 998 2450 εἰς
1020 2381 1052 2442 τὸ
1069 2377 1204 2465 διηνεκὲς
1220 2379 1293 2446 ἐκά-

12 2531 14 2536 .
123 2487 211 2551 θισεν
225 2483 323 2546 verbis
336 2503 364 2545 v.
384 2485 449 2550 11.:
465 2482 574 2571 ἕστηκε
589 2480 665 2549 καθ’
681 2482 813 2573 ἡρέρακ
833 2481 915 2545 dein:
931 2488 999 2568 plor
1015 2490 1216 2566 προστνὲρκας
1232 2492 1293 2551 θο-

14 2665 15 2668 ,
122 2595 190 2658 σίαν
205 2590 303 2654 verbis
317 2610 346 2653 r.
365 2591 430 2655 11.:
446 2593 502 2666 τὰς
517 2587 611 2664 αὐτὰς
627 2587 781 2664 πολλάκις
796 2595 974 2675 προσφέρων
990 2593 1108 2662 θυσίας.
1125 2647 1128 2658 ,

212 2714 241 2758 v.
261 2698 310 2762 13.
327 2701 360 2762 τὸ
376 2697 482 2761 λοιπὸν
498 2695 707 2783 ἐκδεχόμενος,
723 2696 782 2769 ἕως
797 2701 924 2762 τεθῶσιν
940 2693 967 2760 ol
983 2694 1096 2782 ἐχθροί
1111 2692 1203 2762 αὐτοῦ
1219 2691 1294 2762 ὕπο-

124 2803 228 2869 πόδιον
242 2815 301 2868 τῶν
316 2803 415 2868 ποδῶν
432 2799 532 2868 oleon.
546 2837 589 2848 -
598 2803 701 2864 Verba
716 2807 749 2867 τὸ
760 2804 865 2866 λοιπόν
874 2805 1012 2863 vertendo
1025 2813 1093 2863 snut
1102 2819 1167 2882 per:
1183 2803 1294 2880 deinde,

124 2910 187 2972 soil.
204 2920 360 2992 postquam
375 2909 544 2971 oonsederet
558 2909 596 2970 sd
611 2910 762 2970 dexterum
779 2907 841 2970 Dei.
859 2907 1032 2969 -Verbim
1049 2906 1108 2982 ἕως
1123 2912 1251 2975 τεθῶσιν
1267 2906 1295 2975 οἱ

128 3014 243 3102 ἐχθροί
258 3011 349 3080 αὐτοῦ
365 3037 394 3079 κ.
410 3039 434 3079 τ.
451 3016 479 3078 λ.
495 3014 603 3076 alludit
617 3014 813 3096 spostolnsnd
829 3013 975 3094 psalmum
986 3011 1052 3076 ΟΧ.
1068 3033 1096 3076 v.
1115 3016 1143 3080 1.
1161 3051 1200 3062 -
1217 3017 1296 3080 Dioit

127 3120 339 3208 ἐκδεχόμενος,
362 3129 543 3202 exspectans,
559 3121 628 3202 quie
642 3122 680 3182 de
698 3119 815 3182 Christo
839 3118 967 3200 loquitur
985 3122 1140 3182 seeundum
1159 3142 1224 3185 eom
1240 3143 1296 3186 ne-

129 3237 235 3301 tnrern,
251 3229 408 3290 seeundum
423 3246 513 3308 quem
528 3228 618 3290 etism
639 3227 720 3289 sedet
741 3226 772 3288 in
787 3227 907 3288 dextere
927 3225 992 3288 Dei.
1022 3224 1208 3308 Significatur
1229 3248 1296 3311 ergo

128 3334 176 3396 lris
190 3333 287 3396 verbis
301 3335 460 3415 perfeetum
475 3332 584 3396 Christi
594 3332 719 3396 hominis
734 3332 893 3395 dominium
903 3353 938 3394 eo
948 3350 1076 3413 regnum,
1093 3335 1130 3396 nd
1146 3337 1222 3418 quod
1238 3337 1296 3398 hu·

127 3439 265 3504 militetis
279 3450 310 3502 et
323 3440 506 3502 obedientiae
520 3460 590 3502 snae
604 3439 717 3513 merito,
739 3459 799 3520 que
819 3439 965 3502 voluntati
981 3440 1078 3502 Petris
1099 3443 1251 3506 obsecutus
1266 3464 1297 3505 se

127 3547 228 3628 ipsum
252 3563 304 3627 pro
326 3545 452 3628 peoootis
476 3547 581 3609 nostris
602 3545 732 3608 hostiam
752 3545 876 3620 obtulit,¹
890 3547 1007 3610 tandem
1031 3548 1232 3627 provehendus
1253 3558 1298 3611 est

128 3651 279 3737 (Eetion).

218 3778 246 3821 v.
265 3759 315 3824 14.
331 3756 398 3850 Μιᾷ
412 3762 471 3844 γὰρ
487 3770 645 3846 προςφορᾷ
661 3762 850 3826 τετελείωκεν
865 3757 908 3834 εἰς
923 3764 957 3825 τὸ
973 3762 1106 3846 διηνεκὲς
1122 3763 1193 3834 τοὺς
1209 3759 1296 3843 ἁγια-

125 3871 284 3953 ίορένοσς·
307 3901 349 3912 ·-
372 3865 529 3928 Rationem
551 3867 646 3929 reddit
667 3867 817 3939 dictorum,
846 3885 951 3947 nempe
972 3883 1022 3928 onr
1043 3863 1184 3939 Christus,
1207 3868 1297 3930 semel

129 3972 272 4035 obtulisse
286 3981 448 4046 contentus,
464 3993 521 4036 non
536 3973 663 4054 amplius
685 3972 824 4046 minister,
847 3972 922 4036 sient
944 3971 1075 4052 pontifex
1097 3971 1234 4046 iudaicus,
1250 3973 1298 4036 in-

128 4088 276 4142 cessanter
288 4079 486 4153 ministrabat,
501 4081 551 4142 sed
566 4079 681 4160 quietus
696 4099 772 4142 nuno
786 4077 914 4141 assident
929 4077 1026 4152 Petri3
1042 4079 1178 4158 quonium
1193 4099 1297 4161 nempe

127 4185 216 4250 unios
237 4185 385 4248 oblatione
406 4184 438 4247 in
459 4203 540 4248 ornoe
561 4195 680 4267 pereote
703 4184 846 4259 omuibus,
870 4193 1013 4266 quotquot
1036 4183 1193 4246 redimendi
1208 4196 1299 4260 erent,

123 4291 242 4355 veniam
256 4301 440 4374 peecatorum
455 4301 593 4374 perpetuo
602 4293 761 4358 valiturum
769 4291 942 4356 ooneilierit
958 4290 1119 4356 Consilium
1134 4290 1212 4354 Trid.
1228 4313 1297 4356 sess.

126 4398 235 4466 XXII.
251 4417 316 4483 nep.
334 4399 362 4466 1.
378 4399 462 4463 dioit:
480 4397 664 4478 ,Qreone'om
679 4403 735 4466 nob
749 4401 854 4484 priori
870 4409 1051 4466 testamento
1061 4410 1194 4486 propter
1202 4401 1300 4467 Leot-

1095 4503 1141 4564 11·
