3064 4894
263 331 327 398 110
695 327 821 395 mpura
838 307 886 380 'vn
907 325 948 380 ιο.
970 325 1011 378 rr.

261 493 327 571 fidei
344 507 374 569 in
390 509 485 570 Deum
500 507 652 589 obtigit31)
669 517 777 569 remote
798 526 866 570 voro
888 509 960 570 baso
974 507 1155 590 repromissio
1170 511 1318 572 referenda
1332 519 1380 572 est
1395 511 1432 572 ad

261 613 420 686 Christum,
437 615 485 696 qni
502 635 538 676 ex
555 633 707 677 numerosa
723 613 863 676 Abrahae
878 615 1012 696 progenie
1027 615 1191 695 proditurus
1207 626 1277 678 erat.

351 742 378 782 v.
398 723 447 788 16.
469 717 653 807 Ἄνθρωποι
684 723 769 808 [μὲν]
791 725 850 807 γὰρ
872 726 952 786 κατὰ
974 731 1027 788 τοῦ
1049 726 1183 808 μείζονος
1205 721 1358 808 ὀρνίοοσι,
1380 728 1433 787 rod

260 835 363 916 πάσης
378 824 480 901 αὐτοῖς
495 827 669 910 ἀντιλογίας
689 835 783 913 πέρας
806 823 848 902 τίς
870 831 1026 911 βεβαίωσιν
1049 825 1065 892 ὁ
1082 826 1182 912 ὅρκος.
1198 864 1241 874 -
1258 830 1288 890 Α
1304 830 1433 891 sanetis-

265 935 340 997 sima
357 933 544 1016 promissione
560 935 734 998 Abrabamo
749 935 821 996 data
836 938 877 1018 (r.
895 936 945 1000 13.
960 944 990 996 et
1007 934 1070 1011 14.)
1087 935 1236 1014 apostolus
1258 935 1363 1015 arripit
1383 957 1433 1000 oo-

262 1043 405 1104 easionem
423 1061 499 1102 nuno
512 1042 548 1102 de
558 1041 719 1104 voluntatis
727 1040 842 1102 divinae
852 1041 989 1102 firmitate
996 1039 1159 1107 disserendi.
1187 1042 1320 1114 Dixerat,
1335 1043 1433 1104 Deum
1517 1055 1518 1078 ν

263 1167 347 1210 suam
364 1146 581 1228 promissionem
597 1148 781 1208 oondrmasse
796 1147 974 1220 iurarrreuto3
996 1165 1045 1210 our
1064 1147 1093 1208 id
1109 1147 1212 1218 feeerit,
1228 1147 1286 1208 iam
1303 1148 1434 1228 explieat

264 1275 283 1316 a
301 1253 510 1316 eonsuetudine
529 1252 686 1326 hominum,
702 1255 752 1334 qui
766 1253 898 1315 volentes
912 1253 980 1315 aliis
993 1262 1100 1314 oertam
1116 1254 1202 1316 fidem
1217 1255 1310 1316 faeere
1325 1273 1434 1328 eorum,

262 1379 338 1441 quae
353 1359 463 1432 diaunt,
475 1359 671 1422 iuramentum
686 1359 880 1440 interponunt.
911 1358 969 1422 Sed
979 1359 1009 1420 hi
1025 1359 1149 1440 quidem,
1169 1359 1272 1440 inquit,
1287 1379 1340 1440 per
1356 1381 1431 1434 eum,
1518 1342 1519 1380 ³

262 1465 310 1548 qui
326 1466 419 1528 maior
442 1475 494 1535 est,
519 1467 625 1539 iurant,
646 1465 717 1546 quis
740 1486 771 1528 se
793 1465 928 1528 maiorem
952 1466 1063 1528 habent
1085 1467 1188 1532 Deum.
1217 1467 1252 1528 Id
1272 1467 1355 1530 Deus
1375 1488 1432 1530 non

265 1572 367 1653 potnit,
389 1572 438 1654 qui
460 1573 598 1635 maiorem
618 1593 650 1634 se
671 1591 727 1634 non
758 1573 858 1646 habet,
886 1571 1006 1652 ideoque
1029 1589 1081 1652 per
1107 1572 1294 1652 semetipsum
1324 1573 1433 1638 iuravit

264 1676 419 1764 (Eoum),
436 1713 479 1726 -
490 1677 646 1762 ἀντιλογία
660 1677 774 1760 proprie
784 1677 1036 1742 oontradiotionem
1052 1677 1195 1752 decianam
1210 1678 1314 1740 deinde
1329 1689 1430 1742 autem

264 1785 353 1848 etiam
370 1786 412 1848 ita
434 1785 599 1859 adhibetur,
618 1794 653 1848 ut
673 1784 781 1848 indioet
802 1783 1025 1848 oontroversiam
1047 1786 1083 1846 de
1107 1784 1147 1846 rei
1167 1783 1289 1848 alienius
1310 1784 1370 1868 (ex⁴
1389 1803 1431 1866 gr.

261 1891 467 1974 promissionis,
482 1888 652 1974 testimonii)
667 1891 806 1965 veritata3
830 1892 861 1956 b.
878 1891 895 1954 l.
920 1891 999 1972 prior
1019 1891 1189 1972 signifieatin
1204 1891 1357 1954 retinenda
1371 1902 1431 1966 est;

261 1979 330 2061 iram
345 2007 444 2062 nuomr
459 2000 655 2062 demonstrare
671 2007 799 2071 sonatur,
815 1997 1032 2078 promissionem
1042 1997 1171 2060 divinam
1181 1997 1345 2060 iuramento
1360 2018 1431 2060 oon-

260 2107 406 2168 firmatom
423 2104 501 2168 omni
517 2104 709 2177 dubitatione,
723 2104 802 2168 omni
813 2103 1038 2168 nontradiotione
1053 2103 1271 2170 essemniorem.
1281 2111 1431 2190 -πέρας
1520 2123 1521 2200 γ

261 2212 336 2274 idern
352 2211 489 2291 estquod
505 2212 603 2284 τέλος,
618 2211 692 2274 finis.
711 2245 749 2258 -
767 2211 883 2272 Verba:
910 2208 1125 2294 depopulemur
1150 2210 1281 2272 nonnulli
1303 2213 1432 2274 referunt
1520 2205 1521 2210 ’

259 2319 298 2380 ad
312 2313 406 2402 ὅρκος
421 2318 476 2379 hoo
490 2336 590 2378 sensu:
613 2315 845 2380 oontradiotionis
867 2316 933 2378 finis
954 2326 999 2380 est
1014 2316 1211 2380 iusiurandum
1226 2319 1263 2378 sd
1279 2317 1368 2380 fidem
1384 2319 1398 2380 i
1414 2353 1432 2366 -

264 2423 325 2488 nien
340 2425 397 2484 'nm
423 2423 536 2492 datum,
574 2423 622 2488 Ita
646 2441 713 2485 vero
732 2423 912 2486 scribendum
928 2422 1042 2486 luisset:
1067 2421 1142 2497 ὁείς
1157 2426 1315 2507 βεβαίωσιν
1330 2422 1433 2509 ὅρκος.
1521 2442 1522 2488 ι

258 2529 378 2594 Reotius
393 2548 459 2610 ergo
474 2529 684 2610 ooniunguntur
699 2549 763 2592 oum
779 2530 823 2604 iis,
838 2549 913 2610 quae
923 2540 1145 2610 praeeesserunt,
1161 2529 1203 2591 ita
1213 2539 1245 2591 ut
1260 2550 1363 2592 sensns
1378 2532 1432 2592 sit:

264 2637 463 2700 iusiurandum
488 2645 533 2698 est
564 2636 628 2698 linis
657 2636 751 2700 omnis
781 2635 1013 2698 oontradiotionis
1037 2646 1067 2698 et
1090 2638 1129 2698 ad
1154 2637 1240 2698 tidem
1266 2637 1431 2699 leniendam

263 2746 357 2806 datur.

280 2903 289 2920 .
352 2851 447 2914 Loous
462 2849 509 2912 hio
533 2849 714 2932 apertissime
738 2847 844 2910 refellit
866 2869 923 2924 eos,
946 2849 996 2930 qui
1018 2847 1095 2910 male
1120 2847 1315 2928 intelligentes
1336 2870 1432 2911 evan-

259 2956 351 3040 gelioa
366 2965 521 3040 praeoeptn
535 2957 728 3018 iuramentum
745 2957 888 3016 damnant
896 2955 979 3017 velut
993 2973 1053 3016 reru
1064 2973 1180 3036 prorsus
1189 2953 1330 3017 illicitam.
1350 2956 1432 3017 Num

259 3066 295 3126 de
311 3084 345 3128 eo
360 3062 487 3144 loquitur
502 3062 549 3126 hio
565 3063 618 3126 loni
634 3063 792 3142 apostulus,
808 3081 866 3124 non
876 3061 969 3124 solum
986 3072 1018 3124 ut
1034 3063 1070 3124 de
1085 3079 1115 3123 re
1130 3061 1218 3136 licita,
1228 3061 1431 3124 verumetiam

261 3181 294 3232 nt
309 3171 347 3232 ad
363 3168 503 3232 finiendas
519 3168 733 3241 controversias,
750 3167 855 3248 quibus
870 3169 1000 3230 humana
1022 3168 1144 3230 societas
1158 3169 1352 3248 perturbatur,
1376 3189 1432 3230 ne-

260 3275 394 3350 cessaria,
410 3278 482 3340 adeo
498 3275 623 3360 quidem,
641 3285 675 3336 ut
690 3285 719 3337 et
734 3277 815 3338 Deus
836 3294 919 3337 suam
936 3273 1152 3356 promissionem
1175 3274 1336 3336 iuramento
1359 3295 1432 3336 oon-

260 3385 374 3446 firmare
390 3382 523 3456 voluerit,
539 3402 574 3444 ne
598 3381 668 3464 qnid
690 3381 716 3442 ei
732 3383 830 3442 deesse
845 3380 997 3455 videretur,
1019 3381 1096 3461 qnod
1119 3379 1268 3462 promissis
1291 3390 1321 3442 et
1336 3382 1432 3462 pontis

262 3489 428 3552 firmitatem
445 3492 523 3570 apud
541 3487 671 3550 homines
686 3487 835 3550 conciliare
855 3487 937 3552 solet.

349 3615 377 3658 ν.
397 3597 446 3661 17.
462 3591 513 3659 Ἐν
529 3594 553 3680 ᾧ
569 3599 775 3679 περισσότερον
792 3591 975 3680 βοολόρενος
991 3590 1007 3657 ὁ
1024 3591 1100 3666 Θεὸς
1116 3591 1256 3667 ἐπιδεῖξαι
1271 3604 1333 3666 τοῖς
1349 3595 1431 3681 κλη-

260 3700 402 3796 ρονόμοις
417 3712 471 3790 τῆς
494 3699 674 3782 ἐπαγγελίας
695 3704 729 3764 τὸ
749 3695 936 3785 ἀμετάθετον
953 3711 1007 3787 τῆς
1023 3701 1138 3786 βοολής
1157 3695 1259 3774 αὑτοῦ,
1276 3699 1430 3786 ἐμεσίτευ-

261 3833 310 3876 σεν
326 3807 418 3894 ὅρκῳ,
439 3843 470 3853 -
493 3807 610 3871 Verba:
633 3803 704 3891 ἑνῷ
728 3805 789 3868 loco
812 3805 971 3887 particulae
993 3805 1191 3868 oouseoutivae
1213 3805 1380 3888 accipienda
1402 3817 1432 3868 et

258 3915 424 4000 propterea
439 3911 487 3973 vel
498 3931 594 3992 ροονο
604 3913 742 3974 vertenda
751 3921 833 3986 sunu
848 3911 944 3974 referri
954 3913 1124 3973 debentad:
1140 3909 1323 3998 ἐμεσίτευσεν
1338 3909 1431 3998 ὅρνιιρ.

260 4058 303 4068 -
319 4024 527 4106 περισσότερον
543 4038 608 4080 oum
623 4019 712 4082 verbo
728 4017 867 4094 ἐπιδεῖξαι
889 4019 1084 4101 copulandum
1100 4027 1144 4078 est
1167 4019 1221 4080 boo
1240 4039 1342 4080 sensu:
1365 4039 1431 4082 oum

260 4141 474 4156 -n——fl-—fl—

355 4175 374 4246 ¹)
393 4177 443 4228 cfr.
462 4191 501 4244 ep.
520 4177 552 4228 sd
570 4177 644 4230 Rom.
664 4178 711 4228 1v.
733 4176 789 4229 18.:
816 4174 885 4236 ‚Qus
909 4174 1087 4244 (Abrshsmm)
1116 4184 1205 4226 eontra
1229 4191 1298 4242 rpem
1314 4178 1344 4228 io
1362 4193 1432 4244 τροιιι

261 4263 380 4324 eredidit,
398 4271 428 4315 ut
439 4265 514 4332 flerat
526 4273 604 4332 poter·
621 4266 764 4316 multarum
781 4265 901 4332 pontium,
921 4261 1060 4315 recondam
1079 4263 1150 4334 quod
1167 4263 1263 4316 dietum
1282 4273 1321 4321 ert
1337 4266 1377 4316 oi.-
1395 4268 1433 4318 sic

262 4345 313 4408 mr
329 4365 412 4404 remen
430 4359 528 4406 taum‘.
