3064 4894
277 305 341 371 100
550 303 675 366 Expositis
692 301 741 354 Vh
759 298 800 360 8.;
817 306 931 368 paraphr.
949 302 983 353 V.
1004 300 1119 352 11-vr.
1139 295 1166 354 3.

275 480 467 544 necessarium
482 480 577 544 visum
593 481 703 554 fuisset,
719 481 839 544 lectores
853 479 998 560 religionis
1007 480 1288 552 rudimentadocere,
1304 479 1448 560 sepientis

273 587 398 652 doctoris
412 589 523 664 suisset,
545 609 603 651 non
618 588 648 650 in
663 587 744 650 eliud
766 597 882 670 tempus
903 587 1116 651 institutionem
1138 589 1215 650 hanc
1236 587 1446 648 elementarem

273 695 394 757 differre.
425 693 524 765 Quare
546 695 677 777 plerique
699 694 870 775 interpretes
891 695 1097 775 praeeuntibus
1123 693 1322 769 wancarae,
1342 691 1446 756 sibeo-

268 800 417 886 phylasso
433 811 463 863 et
472 805 657 866 Oeoemenio
666 803 772 864 verbe:
788 806 841 866 ecl
851 811 940 867 τοῦτο
947 808 1111 889 ποιήσομεν
1120 800 1281 862 retulerunt
1289 801 1329 861 ed
1338 802 1445 861 verba:

272 907 320 974 ἐπὶ
335 914 389 997 τὴν
404 911 578 996 τελειότητα
593 911 769 996 φερώμεθα,
785 928 860 989 quae
875 918 943 970 sunt
958 909 1048 970 verba
1062 925 1163 970 versus
1186 909 1213 971 1.
1229 905 1399 988 praecipue,
1413 917 1446 967 ut

273 1014 442 1078 censuerit:
458 1025 489 1076 et
502 1015 558 1077 hoc
572 1015 690 1096 quidem
705 1013 819 1088 faciem,
834 1016 873 1076 ad
887 1015 1084 1096 perfectiorem
1097 1013 1308 1076 institutionem
1323 1030 1445 1094 progre-

271 1119 343 1193 diar,
359 1120 384 1182 si
398 1122 479 1183 Dens
494 1121 663 1202 permiserit,
679 1122 698 1185 i.
713 1141 738 1185 e.
753 1120 916 1184 auxiliante
930 1123 1002 1195 Deo,
1025 1121 1049 1183 si
1064 1123 1144 1184 Dens
1164 1120 1240 1182 vires
1261 1119 1444 1184 concesserit.

271 1261 316 1274 -
332 1227 448 1290 Estiee
462 1230 500 1289 ed
516 1229 588 1290 haec
602 1230 694 1290 verbe
708 1229 859 1290 observet:
882 1226 1090 1311 ‚Apostolum
1108 1234 1275 1312 propterea
1296 1224 1386 1308 loqcti
1401 1225 1445 1288 ad

270 1332 353 1396 tone
367 1334 504 1413 modam,
521 1336 604 1416 quod
626 1337 759 1398 actiones
780 1343 907 1399 norbae
928 1353 991 1399 aon
1012 1335 1059 1398 ita
1074 1332 1185 1398 Deam
1207 1334 1341 1396 habeant
1364 1352 1443 1395 ace-

271 1445 376 1514 torem,
391 1447 428 1502 et
441 1462 505 1504 non
521 1443 614 1504 etiem
630 1461 652 1502 o
665 1450 778 1506 metro
783 1443 953 1526 procedant
967 1438 1132 1515 uoluntate,
1148 1440 1272 1504 remei
1279 1439 1354 1502 Deo
1367 1440 1443 1502 eub-

270 1546 435 1624 adiectas
451 1566 490 1612 aa
502 1549 642 1631 proinde,
658 1547 734 1610 dem
750 1549 820 1628 qais
835 1549 908 1612 honi
921 1547 1085 1632 quidpiam
1103 1548 1252 1630 proponit
1274 1564 1312 1607 ec
1326 1549 1444 1610 statuit

267 1653 487 1736 sesacterom,
503 1657 699 1718 incalesce
715 1655 997 1719 Desertorem
1017 1655 1058 1718 sit
1078 1653 1341 1736 impedimentum,
1365 1669 1441 1732 preo-

267 1764 375 1826 minee
389 1759 472 1824 illud
488 1769 685 1844 assequatur,
700 1768 779 1824 recte
794 1781 865 1824 eam
880 1762 991 1835 dicere,
1012 1779 1045 1824 ae
1059 1760 1094 1823 id
1100 1760 1278 1842 facturam,
1300 1761 1332 1823 si
1346 1761 1441 1822 Deae

263 1869 475 1953 permiserat

674 2023 1020 2108 Perephrasis

683 2201 755 2286 Cap.
771 2203 811 2268 V.
830 2203 972 2270 11—v1.
987 2204 1018 2270 3.

351 2377 420 2451 Qua
435 2382 470 2442 de
485 2398 524 2454 re,
539 2379 648 2444 seilicet
662 2381 698 2443 de
713 2379 901 2443 similitudine
923 2378 997 2441 inter
1019 2377 1127 2441 Christi
1149 2388 1179 2441 et
1201 2379 1430 2444 Melchisedechi

263 2487 463 2562 secerdotium,
478 2487 574 2550 multe
588 2487 709 2551 dicende
733 2487 837 2560 habeo,
861 2485 928 2548 licet
949 2504 1043 2548 sermo
1070 2505 1151 2548 mens
1172 2486 1265 2560 vobis,
1289 2486 1439 2569 plerisque

262 2604 400 2668 vestrum,
416 2593 455 2656 sit
469 2594 618 2658 intellectu
634 2593 767 2668 difficilis,
783 2592 921 2675 quoniam
937 2591 1013 2654 tardi
1028 2593 1098 2655 iacti
1119 2587 1188 2654 estis
1202 2595 1240 2655 ad
1257 2591 1437 2656 discendum.

261 2700 378 2762 Etenim
393 2720 459 2763 cum
473 2710 592 2782 propter
606 2700 753 2782 temporis,
769 2719 826 2780 quo
842 2697 949 2762 Christi
965 2698 1126 2762 doctrinam
1148 2698 1296 2771 didicistis,
1318 2699 1437 2762 dintur-

261 2807 392 2882 nitatem,
407 2809 536 2872 doctores
551 2807 675 2869 aliorum
690 2826 752 2869 esse
768 2805 908 2882 debeatis,
924 2805 1029 2867 iterum
1044 2825 1117 2886 opus
1133 2803 1257 2878 hebetis,
1276 2813 1312 2867 ut
1326 2805 1437 2887 aliquis

260 2933 313 2976 vos
327 2915 429 2976 doceat
443 2914 537 2994 prima
553 2913 700 2975 doctrinae
715 2911 830 2974 divinae
840 2912 991 2985 elementa,
1007 2911 1084 2992 iique
1100 2909 1171 2974 fecti
1186 2911 1264 2984 estis,
1280 2911 1331 2992 qui
1348 2913 1435 2985 lacte,

261 3008 318 3082 non
334 3030 432 3082 eutem
448 3019 572 3081 firmiore
587 3019 651 3081 cibo
666 3019 823 3101 indigeant.
854 3015 959 3080 Omnis
981 3017 1066 3092 enim,
1089 3017 1139 3098 qui
1162 3017 1237 3079 lecte
1261 3018 1435 3080 nutriendus

261 3134 313 3202 est,
328 3125 346 3186 i.
355 3145 388 3198 e,
404 3124 448 3188 cni
464 3126 560 3188 adhue
574 3124 669 3206 prime
682 3124 827 3207 religionis
843 3123 1017 3187 christianae
1026 3125 1170 3186 elementa
1185 3123 1338 3186 ediscenda
1353 3136 1433 3200 sunt,

260 3251 317 3295 non
334 3239 431 3312 potest
445 3251 546 3313 cepere
562 3231 721 3296 doctrinam
736 3231 948 3306 sublimiorem
971 3250 1040 3292 narn
1063 3231 1143 3292 haud
1165 3238 1253 3312 aptus
1267 3239 1313 3291 est
1326 3232 1367 3292 ad
1382 3231 1433 3293 in-

258 3337 450 3419 telligentiam
466 3338 552 3400 huius
568 3339 729 3414 doctrinae3
745 3337 854 3400 adultis
869 3347 976 3412 autem,
992 3339 1053 3411 i.e.,
1069 3337 1118 3418 qni
1134 3337 1289 3418 ampliores
1312 3337 1344 3399 in
1360 3339 1433 3402 doc-

258 3444 335 3506 trine
357 3444 515 3508 christiana
537 3463 703 3526 progressus
725 3447 859 3518 fecerunt,
888 3443 935 3506 his
959 3446 1146 3525 proponenda
1167 3453 1236 3506 sunt
1256 3443 1433 3506 sublimiora

258 3551 402 3632 religionis
418 3551 524 3633 capite,
539 3551 582 3626 iis,
599 3551 649 3634 qui
664 3569 715 3632 per
730 3570 815 3612 usum
837 3559 867 3611 et
888 3551 976 3613 studii
998 3549 1201 3614 assiduitatem
1223 3549 1372 3631 ingenium
1386 3549 1433 3613 ita

257 3659 446 3722 exercitatum
462 3668 492 3720 et
506 3668 624 3722 acutum
640 3657 696 3720 sibi
711 3657 913 3738 acquisierunt,
934 3667 966 3718 ut
981 3655 1093 3738 possint
1115 3657 1268 3719 veritatem
1289 3657 1432 3719 sublimi-

255 3784 338 3828 orum
353 3765 548 3828 doctrinarum
564 3772 661 3826 menle
676 3764 914 3844 comprehendere
924 3772 954 3824 et
963 3762 1125 3838 diiudicare,
1142 3784 1181 3826 en
1191 3763 1321 3826 doctrina
1332 3783 1429 3844 quae-

259 3874 327 3936 dam
343 3890 412 3934 vera
428 3872 475 3944 sit,
490 3891 529 3932 an
545 3871 630 3936 false.

344 3997 501 4076 Propterea
516 3993 624 4056 omissa
639 3993 807 4056 elementari
823 3991 931 4056 Christi
951 3993 1080 4057 doctrina
1103 3996 1142 4056 ad
1164 3994 1364 4075 perfectiorem
1379 3995 1431 4058 in·

254 4102 433 4165 stitutionem
444 4099 679 4181 progrediar,non
688 4099 793 4162 iterum
801 4101 1107 4182 fundamenteponam
1116 4102 1256 4163 tredendo
1263 4101 1429 4164 doctrinam

254 4211 290 4270 de
304 4206 492 4289 poenitentia,
519 4208 556 4268 de
580 4207 636 4268 fide
659 4206 730 4268 vive
753 4206 783 4268 in
807 4208 911 4280 Deum,
937 4208 972 4269 de
996 4206 1218 4270 lustrationibus
1242 4206 1428 4271 Judeeorum

253 4331 409 4396 earumque
423 4312 562 4376 relatione
584 4314 622 4375 ad
644 4313 823 4394 baptismum
844 4313 1074 4388 christianorum,
1090 4315 1125 4376 de
1140 4313 1366 4388 confirmatione,
1391 4317 1429 4378 de
