3106 4888
267 285 332 354 190
690 287 816 356 repones
835 287 879 344 m.
898 284 941 340 m.
962 283 1007 344 ns.

265 465 395 532 Jaccbus
409 465 440 530 in
455 465 602 550 cuspidem
618 467 715 532 boculi
734 468 790 545 sui
802 489 833 532 se
853 468 1015 546 inclinavit,
1036 477 1071 534 nt
1093 491 1129 534 ec
1150 467 1186 534 de
1199 489 1239 547 re,
1260 468 1297 536 de
1318 478 1436 554 promto.

266 574 389 656 Josephi
404 575 565 658 sponsione,
580 576 643 638 Deo
665 576 775 656 gratiss
797 585 903 657 ageret
926 612 965 622 -
984 577 1127 641 Nonnulli
1150 577 1244 640 locum
1269 579 1346 642 hunc
1360 578 1434 640 sirn-
1547 549 1548 578 ¹

265 681 379 763 pliciter
393 683 531 746 reddunt:
547 680 699 746 inclinavit
712 702 744 744 se
758 681 789 744 in
804 681 951 764 cuspidem
974 683 1070 746 boculi
1085 682 1145 758 sui;
1166 685 1217 746 sed
1238 684 1342 766 frigida
1357 693 1434 746 esset
1547 679 1548 764 Ῐ

264 787 423 850 sententis:
439 788 568 852 Jacobus
582 788 704 870 Josephi
719 787 787 850 filiis
802 789 900 851 fausto
914 797 1087 870 apprecatus
1102 799 1155 864 θεῖ,
1179 798 1209 851 et
1229 809 1260 852 se
1281 789 1433 852 Inclinat-it
1547 791 1548 870 J

263 895 292 956 in
309 894 456 976 cuspidem
472 895 569 958 beculi
584 894 645 970 sui;
660 895 770 976 duplex
785 894 882 976 potius
904 894 970 956 lidei
985 894 1089 958 Jocobi
1113 895 1280 976 exemplum
1304 897 1334 960 h.
1351 895 1371 960 l
1387 896 1432 957 le-
1547 901 1548 974 l

264 1000 353 1082 gitur:
369 1002 426 1064 fide
441 1001 553 1082 plenus,
575 1010 645 1064 vote
666 1020 721 1064 sna
735 1010 871 1064 eventum
886 1020 948 1062 esse
970 1000 1117 1074 habiturn,
1141 1001 1287 1064 benedixit
1308 1000 1431 1082 Josephi

261 1107 347 1182 liliis3
363 1108 419 1172 fide
434 1107 546 1188 plenus,
562 1103 724 1188 Josephum
740 1105 922 1190 sponsionem
946 1126 1008 1168 esse
1030 1117 1221 1181 servaturum,
1236 1109 1299 1168 Deo
1320 1105 1432 1188 gratias
1547 1093 1548 1122 i

266 1214 334 1298 egit.
365 1215 405 1276 Et
419 1215 540 1276 verbum
556 1225 730 1300 οροςνυνεῐν
745 1212 912 1296 saepissime
927 1215 963 1302 de
978 1213 1014 1274 iis
1029 1213 1092 1288 dici,
1114 1213 1165 1294 qui
1186 1222 1331 1294 prostrato
1347 1212 1430 1274 humi

261 1337 387 1402 corpore,
402 1320 450 1382 vel
466 1319 627 1401 provolutis
641 1319 771 1402 genibus,
793 1319 841 1382 vel
856 1319 994 1382 inclinato
1015 1319 1109 1400 capite
1131 1318 1307 1380 reverentiae
1328 1328 1359 1380 et
1374 1319 1431 1380 ho·
1547 1359 1548 1378 t

262 1425 340 1488 nous
361 1445 450 1488 cause
470 1425 566 1488 Deum
589 1435 769 1500 venerentur,
792 1424 865 1488 satis
887 1434 988 1487 notum
1010 1434 1063 1488 est
1093 1426 1133 1492 Η.
1155 1425 1184 1498 l.,
1206 1445 1271 1488 cnm
1295 1424 1430 1486 additum
1547 1391 1548 1448 3

259 1532 386 1614 legetur:
402 1529 449 1596 ἐπὶ
464 1535 498 1596 τὸ
514 1530 609 1618 ἄκρον
624 1545 679 1622 τῆς
689 1529 802 1618 ῥάβδου
818 1528 919 1607 αὐτοῦ,
935 1531 1158 1594 οιοοίοοοοῖθῖτ
1180 1529 1318 1593 inclinato
1332 1531 1430 1612 capite
1547 1565 1548 1570 κ

214 1701 216 1706 .
259 1639 354 1702 Deum
377 1639 505 1700 odorare.
521 1672 565 1684 -
580 1636 715 1702 Ceterum
734 1638 765 1701 in
789 1637 894 1700 nostris
917 1645 1016 1700 textus
1037 1635 1164 1700 hebraici
1187 1635 1330 1698 codicibus
1353 1635 1430 1702 Gen.
1547 1703 1548 1720 μ

257 1744 389 1810 XLVII.
412 1746 464 1812 31.
487 1743 590 1825 legitur
605 1765 700 1853 ῃμῃ,
717 1743 823 1823 lectus;
838 1743 881 1806 ite
888 1763 988 1806 vocem
998 1742 1146 1806 intellexit
1153 1743 1296 1824 Vulgata,
1305 1743 1429 1806 reddens

256 1865 331 1932 Gen.
346 1868 366 1931 l.
381 1889 405 1934 ο.
421 1869 593 1945 ,adorauit
605 1867 717 1932 Deum
731 1889 899 1934 cosumus
913 1868 958 1932 ad
967 1867 1072 1941 ίοσίοίί
1087 1873 1212 1950 enpust
1237 1865 1296 1928 Sed
1305 1867 1429 1939 mutetis

256 1974 371 2056 punctis
384 1973 535 2036 vocabulis
550 1975 652 2036 endem
667 1994 726 2038 vox
742 1983 827 2038 sonet
842 1994 938 2081 ῃμρ,
954 1972 972 2034 i.
989 1994 1013 2036 θ.
1031 1973 1160 2046 baculus,
1181 1981 1213 2034 et
1233 1971 1276 2034 ita
1298 1992 1365 2036 corn
1378 1973 1428 2036 in-

257 2097 434 2160 tellexerunt
454 2097 658 2172 Alexandrini,
685 2097 736 2179 qui
758 2097 854 2160 locum
877 2098 1000 2160 citatum
1021 2096 1241 2170 transtulerunt,
1260 2095 1357 2176 pronti
1379 2096 1429 2158 bio
1547 2141 1548 2188 p

256 2203 380 2284 legitur3
396 2223 465 2266 nem
480 2213 589 2285 puncta
603 2203 725 2278 voculis,
740 2223 816 2285 quoe
830 2202 1203 2285 significationsmvsriant,
1218 2201 1298 2277 olim,
1313 2211 1347 2264 nt
1356 2223 1428 2266 con-
1547 2189 1548 2252 3

223 2370 225 2375 .
255 2318 326 2384 stet,
342 2309 490 2391 adscripta
504 2329 562 2374 non
576 2312 700 2375 fuerunt
731 2309 800 2372 Sive
817 2311 907 2374 lectus
915 2309 1103 2392 intelligatur,
1119 2309 1181 2372 sive
1190 2310 1319 2384 buculus,
1334 2311 1427 2372 odeo-

254 2435 311 2497 que
325 2416 471 2480 Jacobum
486 2426 575 2498 csput
589 2436 675 2478 snum
689 2416 844 2480 inclinasse
859 2423 1008 2479 statuatur
1030 2434 1131 2481 verens
1151 2416 1236 2479 illum
1254 2416 1303 2478 vel
1323 2433 1427 2478 versus
1547 2465 1548 2474 ,

253 2523 331 2585 huno
345 2524 441 2586 Deum
455 2522 596 2586 odorandi
611 2543 708 2597 musa,
723 2543 781 2585 non
798 2523 926 2586 multum
941 2523 1077 2599 interest3
1100 2543 1170 2584 narn
1191 2523 1379 2604 praecipuum
1395 2521 1427 2584 in
1547 2521 1548 2604 J

253 2630 354 2693 boore
369 2637 421 2704 est,
436 2629 582 2692 Jccobum
596 2630 653 2692 fide
667 2629 867 2711 plcnnmlloo
882 2630 1020 2692 bonorem
1034 2628 1210 2694 exhibuisse.
1547 2675 1548 2708 ,

340 2755 369 2802 v.
385 2737 437 2803 22.
453 2735 556 2803 Πίστει
572 2733 688 2826 Ἰωσὴφ
704 2738 848 2802 τελευτῶν
863 2740 931 2822 περὶ
946 2749 1000 2826 τῆς
1015 2735 1120 2811 ἐξόδου
1135 2748 1192 2803 τῶν
1208 2733 1277 2801 υἱόν
1294 2732 1424 2824 Ἰσραὴλ
1547 2813 1548 2822 ¹

253 2841 463 2931 ἐμνημόνευσε,
479 2847 532 2909 καί
547 2847 614 2930 περὶ
629 2855 687 2910 τῶν
703 2840 813 2909 ὀστέων
829 2839 922 2908 αὑτοῦ
938 2842 1114 2909 ἐνετείλατο.
1130 2877 1174 2890 -—
1189 2839 1346 2908 Τελευτῶν
1361 2843 1391 2904 h.
1402 2843 1423 2908 l.

253 2950 373 3012 denotet
393 2949 471 3012 idem
492 2951 569 3030 qnod
591 2948 797 3036 ἀποθνήσκων
820 2945 883 3033 (cfr.
898 2947 972 3012 Gen.
995 2949 1029 3012 L
1046 2949 1115 3016 no:
1138 2952 1211 3025 ,ναί
1231 2947 1425 3036 ἐτελεότησεν

252 3053 423 3145 Ἰωσήφ“.).
439 3091 484 3104 -
498 3056 630 3118 Verbum
649 3059 842 3144 μνημονεόειν
865 3055 895 3117 in
910 3057 967 3118 bsc
981 3054 1119 3118 orationis
1139 3055 1212 3118 serie
1233 3076 1292 3118 non
1306 3055 1426 3137 simpli-

251 3161 323 3226 citer
337 3171 436 3225 notet:
451 3162 601 3237 recordari,
617 3180 851 3238 commemorare,
865 3165 916 3226 sed
925 3161 1086 3237 vaticinari,
1102 3171 1180 3226 certo
1188 3164 1318 3225 futurum
1333 3180 1426 3244 prce-

250 3271 351 3336 dicere.
381 3270 554 3332 Pstrirtroba
568 3271 716 3352 Josephns
731 3269 807 3332 enim
823 3272 971 3345 mandato,
994 3280 1028 3332 nt
1048 3289 1115 3334 osso
1136 3289 1190 3332 sna
1205 3279 1425 3352 asportarentur

250 3374 313 3459 (cfr.
329 3374 403 3439 Gen.
419 3377 454 3438 L.
470 3379 538 3452 233
554 3379 611 3443 Ex.
625 3377 714 3440 XIII.
734 3376 798 3461 19.)
813 3375 968 3459 praedixit,
990 3378 1058 3452 fore,
1082 3386 1115 3438 nt
1129 3376 1182 3438 filii
1197 3377 1289 3439 Isrsel
1304 3396 1343 3438 ex
1357 3376 1424 3439 Αθ-

250 3491 340 3564 gypto
355 3483 555 3564 egredinmm
569 3503 639 3546 nom
655 3485 827 3546 mandatnm
842 3485 974 3547 boodsre
989 3503 1046 3545 non
1055 3483 1205 3564 potuisset,
1221 3483 1276 3546 nisi
1292 3483 1423 3565 promis-

229 3593 233 3598 ’
249 3588 321 3652 sioni
336 3589 461 3664 divinae,
475 3588 626 3654 Israelitas
640 3598 747 3652 terrem
763 3589 885 3653 Censen
894 3608 1076 3672 possessuros
1090 3609 1162 3664 esse,
1177 3590 1353 3654 credidisset

337 3717 366 3759 v.
382 3699 435 3764 23.
452 3695 556 3762 Πίστει
571 3694 707 3787 Μωυσῆς
721 3701 878 3784 γεννηθείς
896 3696 1011 3784 ἐνρόβη
1027 3702 1167 3784 τρίμηνον
1182 3693 1238 3763 ὑπὸ
1254 3709 1312 3762 τῶν
1327 3703 1423 3763 ποτε·

249 3825 309 3889 ρων
325 3801 427 3878 αὑτοῦ,
442 3805 516 3870 διότι
531 3802 608 3869 εἶδον
624 3803 741 3870 ἀστεῖον
756 3809 790 3869 τὸ
806 3808 930 3882 παιδίον,
946 3807 999 3868 ναί
1015 3801 1071 3870 σόν
1087 3803 1287 3892 ἐφοβήθησαν
1302 3809 1337 3872 τὸ
1352 3807 1422 3869 διά-

248 3935 348 3998 ταγμα
363 3921 415 3976 του
432 3912 591 3994 βασιλέως.
609 3945 651 3956 —-
667 3911 809 3992 Moysen,
825 3910 951 3973 alterum
972 3909 1056 3992 qnasi
1077 3909 1172 3991 gentis
1192 3910 1326 3973 iudaicae
1348 3931 1421 3974 con·

246 4017 378 4090 ditorcm,
393 4035 596 4098 summumque
617 4015 673 4078 Dei
689 4017 827 4098 legatum,
850 4019 890 4079 ab
912 4019 967 4080 hoc
988 4017 1136 4098 usquead
1158 4035 1187 4078 v.
1210 4018 1262 4083 28.
1285 4017 1421 4098 plurimis

244 4122 343 4185 verbis
357 4143 383 4190 s.
392 4123 504 4184 Paulus
512 4132 605 4196 crunt,
620 4131 651 4185 et
665 4143 704 4186 ex
718 4122 780 4186 eius
788 4123 910 4189 historic
924 4143 960 4186 ee
974 4123 1109 4206 decerpit,
1124 4125 1247 4205 qucscd
1261 4125 1423 4186 monendos

246 4237 277 4290 et
290 4230 486 4292 exhortandos
500 4229 619 4292 lectores
633 4229 750 4297 lenient.
780 4230 828 4296 Ac
841 4230 935 4312 primo
950 4231 1067 4312 quidem
1088 4231 1144 4294 boc
1164 4247 1250 4292 versu
1263 4231 1420 4312 spostolus

245 4334 395 4415 praedicat
407 4336 495 4399 fidem
509 4345 663 4418 parentum
685 4337 806 4421 Moysis,
828 4337 908 4402 cuins
930 4339 1099 4421 probandos
1119 4336 1214 4403 iniens
1228 4340 1421 4402 'ocmsioncm
