3096 4886
566 319 692 390 Ειροεὶίίο
709 319 767 379 XII.
785 322 812 375 8.
830 317 856 374 9.
1228 321 1293 392 205

127 505 236 590 μένετε,
252 512 353 586 utpote
368 503 515 567 contextui
530 504 624 586 magis
639 504 818 577 conveniens,
834 523 922 584 quam
932 503 1082 566 lectionem
1092 503 1181 565 etiam
1196 513 1295 566 textus

126 618 265 692 receptas
280 610 407 674 exhibet.
425 609 592 674 Sententiae
608 611 684 672 enim
701 611 782 673 huic:
798 607 823 674 εί
838 611 969 674 παιδείαν
980 605 1150 697 ὑπομένετε,
1165 611 1190 672 si
1205 611 1295 673 casti-

126 715 272 796 gationem
281 716 439 791 sustinetis,
450 717 604 798 opponitur
613 717 756 778 sententia
769 737 797 778 v.
808 719 853 782 8.:
868 714 893 780 εί
909 718 941 780 δὲ
957 722 1053 803 χωρίς
1069 716 1135 783 ἐστε
1150 719 1293 794 παιδείας,

125 821 150 884 si
173 832 273 886 autem
296 823 500 905 castigationes
521 824 591 885 estis
613 833 753 904 expertes.
769 859 813 869 -
834 829 1060 909 προςρὲρεοθαί
1082 847 1135 889 τινι
1157 835 1294 904 sequente

125 928 226 993 dativo
242 947 379 1025 personae
395 931 530 992 denotat:
546 949 577 992 se
592 947 687 1010 gerere
709 947 777 1010 erga
799 931 936 1010 aliquem,
958 940 1082 990 tractare
1098 929 1233 1010 aliquem.
1252 967 1291 978 -

125 1039 169 1108 τίς
184 1038 242 1120 γὰρ
259 1032 322 1110 υἱὸς
338 1058 365 1101 τι.
383 1061 407 1102 τ.
424 1038 452 1100 λ.
469 1035 529 1098 scil.
545 1033 632 1110 ἐστίν,
648 1035 713 1118 quis
728 1035 804 1097 enirn
820 1046 865 1098 est
880 1034 973 1111 filius3
995 1035 1025 1099 la
1041 1056 1074 1110 e,
1090 1035 1140 1097 ubi
1156 1035 1234 1100 enim
1249 1046 1294 1098 est

125 1139 225 1204 lilius?
241 1150 294 1208 eto
312 1178 351 1190 -

213 1267 241 1309 v.
258 1250 288 1315 8.
303 1246 340 1314 El
356 1251 388 1314 δὲ
404 1253 500 1336 χωρίς
516 1247 794 1337 internoscere
811 1254 938 1336 μέτοχοι
948 1254 1085 1332 γεγόνασι
1099 1255 1216 1324 πάντες,
1232 1248 1293 1335 ἄρα

124 1358 223 1431 νόθοι,
239 1360 291 1420 aul
307 1352 366 1442 οὐχ
382 1352 439 1420 υἱοί
455 1355 530 1422 ἐστι.
547 1393 588 1402 -
606 1355 728 1417 Verbis:
751 1355 788 1444 ἧς
811 1362 937 1442 μέτοχοι
959 1362 1095 1440 γεγόνασι
1117 1363 1224 1431 πάντες
1246 1375 1293 1417 re-

124 1460 211 1546 spicit
224 1461 375 1544 apostolus
390 1461 479 1524 etiam
495 1464 533 1524 ad
555 1482 613 1536 eos,
635 1464 670 1525 de
692 1461 798 1544 quibus
820 1481 882 1544 cap.
903 1461 960 1524 XI.
977 1480 1070 1524 sermo
1085 1473 1156 1524 erat.
1176 1499 1214 1508 -
1232 1461 1293 1548 ἄρα

122 1566 280 1630 transitum
295 1569 366 1630 facit
379 1570 418 1630 ad
433 1589 477 1642 ea,
493 1588 567 1650 quae
583 1578 689 1630 natura
705 1589 759 1630 sua
773 1567 894 1631 everbis
908 1559 1040 1650 proxime
1055 1568 1293 1652 praecedentibus

124 1682 294 1756 sequuntur,
309 1674 351 1736 ita
367 1683 400 1737 ut
414 1676 510 1756 quoad
526 1694 642 1736 sensum
658 1675 709 1738 sit:
725 1677 800 1737 unde
810 1675 947 1756 sequitur,
962 1675 1028 1738 inde
1044 1683 1134 1756 patet.
1147 1710 1186 1720 -—
1198 1679 1292 1750 νόθος

126 1789 172 1844 est
186 1780 316 1864 proprie:
338 1800 395 1843 non
420 1781 548 1862 legitimo
570 1782 723 1844 concubitu
745 1781 872 1862 genitus;
895 1783 924 1842 h.
940 1781 959 1844 l.
983 1780 1127 1862 significat
1141 1801 1216 1856 eum,
1241 1781 1291 1864 qui

124 1907 184 1951 non
198 1886 324 1968 pertinet
338 1889 377 1953 ad
391 1887 447 1950 Dei
463 1887 605 1950 familiam
621 1897 761 1962 sanctam,
783 1907 870 1970 quem
885 1889 965 1950 Dens
979 1887 1023 1949 ita
1037 1897 1153 1962 tractat,
1177 1897 1210 1950 ut
1226 1888 1291 1970 ple-

123 2012 245 2074 rumque
261 1992 392 2055 homines
408 1994 483 2057 filios
499 1994 611 2078 spurios
622 2004 746 2057 tractare
761 1993 864 2068 solent,
880 2014 965 2075 quem
980 1995 1061 2057 Deus
1075 2015 1132 2057 non
1148 2004 1237 2058 curat.
1247 2031 1291 2041 -

124 2098 259 2162 Ceterum
268 2098 299 2162 iu
308 2098 461 2162 iudicanda
468 2109 498 2162 et
504 2100 679 2182 explicanda
685 2099 810 2182 imagine
816 2101 845 2162 h.
854 2101 873 2162 l.
880 2100 1030 2182 proposita
1036 2102 1231 2182 reputandum
1238 2111 1291 2176 est,

122 2207 261 2270 arderes.
277 2206 445 2288 scriptorem
461 2206 556 2270 studio
572 2207 694 2270 afflictos
709 2207 834 2289 erigendi
849 2217 879 2269 et
893 2228 912 2268 a
927 2206 1085 2271 defectione
1107 2228 1164 2271 nou
1180 2209 1291 2272 abhor-

122 2321 220 2374 rentes
235 2311 392 2394 excitandi,
404 2333 496 2394 neque
511 2312 541 2376 in
550 2314 814 2396 comparationibus
830 2313 945 2396 singula
960 2335 1022 2394 esse
1032 2313 1117 2376 nimis
1126 2317 1290 2398 premenda.

212 2420 285 2512 ”9⁸
303 2416 378 2486 Εἶτα
392 2422 463 2494 τοδς
479 2425 533 2506 μὲν
549 2433 603 2509 τῆς
613 2425 726 2506 οαρνιδς
742 2420 825 2512 ἡμῶν
835 2427 967 2506 πατέρας
981 2421 1103 2508 εἴχομεν
1119 2425 1289 2498 παιδευτὰς,

122 2527 176 2588 καί
191 2523 421 2612 ἐνετρεπόμεθα·
454 2522 489 2590 ob
505 2528 613 2612 πολλῷ
636 2529 756 2612 μᾶλλον
779 2523 1037 2615 δποταγηοόρεθα
1060 2540 1101 2614 τῷ
1123 2533 1211 2614 πατρί
1234 2542 1289 2595 των

122 2637 307 2718 πνευμάτων,
323 2636 375 2696 καί
391 2636 534 2720 (neopum
545 2668 589 2678 —
599 2633 729 2694 Affertur
743 2633 804 2695 alia
813 2634 895 2707 ratio,
911 2652 961 2696 cur
970 2634 1114 2716 patienter
1122 2623 1302 2697 tolerandae

123 2738 183 2801 sint
197 2736 380 2800 calamitates
396 2747 513 2821 propter
528 2737 673 2820 religionis
695 2739 898 2820 professionem
922 2742 1097 2802 subeundae.
1128 2741 1290 2822 Apostolus

124 2863 230 2925 nempe
244 2845 376 2908 innituit
391 2847 653 2927 comparationem
674 2848 885 2926 castigationis
903 2849 1045 2930 parentis
1065 2848 1198 2910 bomani
1220 2868 1290 2910 cam

121 2950 190 3012 Dei
212 2952 417 3032 emtiqatione.
454 2951 565 3014 Versus
588 2954 617 3018 9.
640 2951 769 3014 continet
790 2953 1069 3034 argumentationem
1089 2975 1107 3016 a
1128 2954 1230 3016 minori
1252 2957 1289 3016 ad

121 3056 225 3132 maius,
241 3065 271 3120 et
285 3075 370 3119 versu
388 3058 437 3124 10.
453 3077 469 3118 e
484 3057 599 3120 diversa
614 3057 812 3140 castigationis
827 3059 938 3123 ratione
947 3060 1116 3136 ostenditur,
1131 3060 1186 3124 Dei
1200 3063 1289 3124 casti-

121 3163 268 3244 gationem
283 3183 344 3225 esse
360 3163 444 3245 longe
459 3164 699 3244 praestantiorem
714 3175 744 3226 et
753 3165 950 3244 salubriorem,
967 3187 1057 3248 quarn
1066 3177 1183 3250 patrum
1200 3178 1289 3230 natu-

119 3269 235 3334 ralium.
251 3305 294 3318 -
310 3268 459 3332 Particnla
474 3268 681 3336 elucdenotat:
698 3290 790 3353 porro,
805 3272 916 3347 deinde,
932 3282 961 3334 et
970 3292 1078 3336 novum
1088 3284 1289 3355 argumentum

120 3376 240 3458 proferri
255 3377 370 3442 indicat.
387 3412 430 3423 -
445 3379 481 3440 In
496 3376 607 3440 verbis:
630 3390 671 3464 τῷ
687 3383 776 3464 πατρί
792 3392 848 3446 τῶν
870 3386 1045 3467 πνευμάτων
1068 3381 1290 3463 interpretandis

120 3483 239 3546 mirifice
255 3482 428 3546 dissentiunt
442 3483 620 3566 interpretes.
651 3485 684 3549 Si
700 3504 767 3548 vero
783 3486 969 3560 attendimus,
985 3489 1042 3549 duo
1054 3487 1140 3550 buius
1155 3485 1288 3550 versiculi

122 3592 255 3652 memb'ra
269 3590 324 3652 sibi
340 3589 462 3652 invicem
477 3591 612 3674 opposita
627 3612 710 3664 esse,
721 3602 750 3654 et
765 3593 795 3655 in
810 3594 904 3655 altera
920 3593 1052 3656 versiculi
1068 3603 1150 3676 parte
1165 3593 1290 3657 indicare

122 3696 255 3782 voluisse
265 3717 288 3758 ε.
304 3706 459 3771 auctorem,
474 3716 523 3760 cur
538 3697 686 3760 christiani
702 3719 733 3760 se
748 3701 811 3762 Deo
826 3700 919 3762 multo
942 3699 1035 3782 magis
1057 3719 1146 3782 quam
1161 3708 1290 3786 πατράσι

124 3816 180 3893 τῆς
196 3809 310 3888 οαριιός
332 3805 502 3866 submittere
525 3805 658 3879 debeant,
687 3805 771 3868 facile
794 3805 997 3888 cognoscimus,
1020 3812 1070 3873 τὸν
1092 3813 1208 3894 πατέρα
1232 3820 1289 3874 τῶν

120 3917 294 3997 πνευμάτων
310 3931 371 3972 esse
386 3911 490 3984 Deum,
507 3920 649 3992 quatenus
664 3913 794 3974 animum
810 3922 940 3976 nostrum
955 3923 1044 3996 curat,
1060 3923 1094 3975 ut
1115 3916 1289 3990 emendetur,

119 4037 229 4098 nosque
244 4018 282 4078 ad
297 4019 526 4098 consequendam
549 4017 716 4080 felicitatem
739 4037 892 4100 perennem
913 4021 1059 4100 perducat.
1090 4021 1177 4083 Hanc
1198 4021 1288 4083 inter-

120 4123 311 4206 pretationem
326 4124 437 4205 egregie
452 4125 603 4186 confirmat
617 4134 784 4200 contextum
808 4125 936 4205 sequitur
960 4124 1036 4188 enim
1060 4123 1089 4187 in
1112 4127 1168 4188 fine
1190 4147 1217 4188 v.
1234 4133 1287 4193 καί

120 4234 257 4319 ζήσομεν,
274 4239 345 4292 etv.
366 4233 416 4296 10.
432 4228 474 4305 είς
490 4236 523 4297 τὸ
541 4235 718 4320 μεταλαβεῖν
734 4244 788 4321 τῆς
805 4229 964 4320 ἁγιότητος
980 4229 1080 4298 αυτοῦ.
1091 4269 1134 4281 -
1144 4233 1290 4298 Hicloous

57 4327 68 4336 ’
120 4357 195 4398 unus
210 4347 255 4398 est
269 4337 364 4410 exiis,
380 4337 486 4417 quibus
501 4339 642 4400 refellitur
657 4357 755 4400 eorum
770 4339 884 4420 dogma,
900 4339 949 4420 qui
958 4338 1073 4402 animas
1088 4341 1233 4406 humanas
1248 4362 1287 4406 ex
