3106 4888
239 336 308 404 200
667 331 830 400 Pamphrnis
847 331 891 388 XI.
913 327 1007 383 1-40.

240 512 657 586 stellaeooeiietsiontareua,
668 512 937 594 quaeestiulittore
946 511 1043 575 maris
1063 509 1418 575 Oumfidedefuuctisunt

241 641 341 684 omues
349 620 400 683 isti
409 641 486 684 nunc
494 619 647 683 memorati
662 639 720 682 uon
736 619 861 701 acceptis
875 619 959 682 bouis
968 619 1125 703 promissis,
1136 619 1185 680 sed
1194 619 1268 682 haec
1276 617 1331 680 sibi
1341 635 1417 698 pro-

242 729 332 816 missa
340 728 423 791 oculo
433 727 617 807 fideialouge
624 725 805 808 aspiciebant
811 735 842 788 et
848 743 918 808 prae
924 725 1029 806 gaudio
1035 725 1214 798 salutabant,
1221 733 1251 786 et
1258 745 1320 786 sese
1327 743 1416 804 pere-

241 835 337 916 griuos
346 843 376 896 et
384 834 514 916 hospites
523 833 570 896 his
578 833 607 895 iu
619 832 702 896 terris
711 834 887 896 fatebantur.
913 830 972 902 Qui
982 841 1081 895 autem
1091 832 1254 914 peregrinos
1263 851 1294 892 se
1303 830 1415 904 dicunt,

153 923 157 928 ⁵
241 943 297 1006 hoc
311 941 438 1005 diceutes
453 940 624 1022 significant,
648 939 774 1020 patriam
799 960 829 1001 se
851 939 1028 1016 desiderare;
1052 938 1110 1000 ista
1131 938 1228 1019 patria
1248 937 1416 999 desiderata

242 1025 342 1111 autem
358 1069 416 1110 uon
431 1056 494 1110 erat
509 1045 670 1119 Chaldaea,
685 1065 701 1108 e
717 1066 775 1128 qua
790 1045 946 1108 Abraham
962 1063 1091 1126 egressus
1106 1055 1167 1120 est3
1187 1044 1218 1106 in
1240 1045 1317 1107 hauc
1332 1043 1414 1105 enim

239 1154 344 1217 iterum
358 1155 450 1216 redire
464 1151 535 1234 ipsis
550 1153 686 1214 licuisset.
716 1153 821 1233 Itaque
836 1152 1087 1232 praestantiorem,
1111 1150 1129 1212 i.
1145 1171 1170 1216 e.
1185 1150 1339 1212 coelestem
1354 1169 1416 1232 pa-

241 1259 330 1323 triam
345 1259 545 1341 appetieruut3
561 1275 658 1340 quare,
674 1257 743 1339 qnia
758 1257 894 1320 nimirum
909 1259 965 1320 Dei
987 1257 1136 1338 promissis
1160 1258 1245 1318 tidem
1267 1257 1416 1318 habentes

241 1387 299 1429 uon
316 1375 488 1440 terrestrem,
506 1367 555 1428 sed
570 1365 724 1428 coelestem
745 1365 873 1446 patriam
896 1373 1109 1446 exspectarunt,
1125 1363 1268 1426 Dominus
1288 1383 1338 1425 eos
1353 1383 1416 1426 uon

241 1471 381 1535 refutarit
394 1471 535 1554 indiguos,
550 1491 673 1554 quorum
688 1473 768 1534 Deus
782 1481 948 1546 voearetur;
971 1491 1035 1534 eam
1059 1469 1143 1544 euim,
1167 1489 1256 1554 quam
1277 1471 1335 1532 fide
1357 1489 1415 1530 ex-

240 1581 422 1662 spectabant,
445 1579 464 1643 i.
489 1599 513 1641 e.
538 1578 692 1642 coelestem
721 1579 782 1640 illis
805 1577 963 1640 destinavit
986 1577 1142 1641 civitatem.
1172 1576 1274 1639 Fidem
1297 1577 1416 1638 habens

239 1686 339 1749 offerre
353 1685 449 1748 voluit
463 1685 655 1748 Abrahamus
670 1687 814 1759 lenaeum,
829 1705 895 1748 oum
910 1686 991 1748 Deus
1012 1685 1103 1766 ipsius
1127 1685 1214 1746 iidem
1237 1683 1415 1764 exploraret,

241 1803 271 1855 et
286 1793 403 1874 quidem
418 1792 597 1873 unigenitum
607 1812 692 1854 snum
708 1801 738 1853 et
747 1792 827 1856 ouius
842 1791 958 1854 nomine
967 1790 1109 1873 promissa
1124 1801 1187 1852 erat
1201 1789 1358 1871 posteritas
1376 1825 1411 1834 -

241 1899 383 1982 siquidem
398 1898 440 1961 sic
455 1908 518 1960 erat
532 1917 626 1960 sermo
640 1897 850 1980 promittentis:
874 1918 912 1960 ex
935 1899 1037 1960 Isaaco
1058 1897 1113 1959 erit
1126 1897 1181 1958 tibi
1195 1894 1352 1977 posteritas
1368 1931 1415 1940 -

243 2005 313 2088 quia
330 2023 500 2086 persuasum
516 2006 656 2079 habebat,
673 2005 768 2067 Deum
782 2005 830 2066 vei
846 2025 865 2066 a
880 2003 1000 2070 mortuis
1022 2025 1089 2067 eum
1110 2005 1141 2066 in
1161 2002 1256 2064 vitam
1278 2020 1416 2064 mvoeare

241 2129 335 2193 posse,
350 2128 440 2192 quare
456 2131 523 2173 eum
538 2111 568 2173 iu
584 2111 751 2193 exemplum
767 2111 964 2173 memorabilis
973 2111 1039 2173 fidei
1050 2131 1120 2173 suae
1128 2109 1242 2190 recepit
1259 2107 1316 2170 Per
1325 2108 1416 2169 iidem

239 2219 359 2280 Isaaous
373 2217 414 2280 sio
428 2217 577 2280 benedixit
591 2217 660 2280 filiis
674 2217 734 2280 suis
749 2217 861 2281 lanobo
885 2227 915 2280 et
936 2220 1042 2294 Esavo,
1068 2227 1102 2280 ut
1125 2215 1317 2280 benedicendo
1342 2233 1415 2296 pro-

239 2323 368 2386 mitteret
382 2333 412 2386 et
427 2323 603 2405 praediceret
628 2326 706 2388 bona
719 2325 826 2400 futura,
848 2345 923 2406 quae
937 2345 994 2387 uon
1015 2324 1143 2387 ridebat
1173 2323 1276 2386 Fidem
1297 2323 1414 2384 habeus

240 2427 370 2493 Jaeobus
385 2429 541 2493 moriturus
548 2433 662 2494 duobus
671 2430 794 2512 Josephi
808 2431 876 2493 filiis
885 2433 983 2494 fausta
991 2439 1164 2513 apprecatus
1179 2439 1231 2502 est,
1246 2447 1413 2510 persuasus,

243 2545 314 2600 vota
328 2557 383 2599 sua
398 2547 533 2599 eventum
549 2557 611 2600 esse
626 2537 773 2612 habitura,
799 2547 829 2600 et
843 2538 938 2619 capite
959 2555 1060 2600 versus
1081 2537 1228 2619 cuspidem
1250 2534 1349 2598 baculi
1363 2535 1414 2596 iu-

240 2641 359 2719 clinate,
374 2646 469 2706 Deum
478 2644 619 2706 adoravit
649 2643 1003 2725 Fidelosephuscredeus
1013 2645 1068 2706 Dei
1080 2643 1263 2726 promissioni
1277 2641 1414 2723 patribus

240 2750 389 2824 lacteam
403 2761 497 2816 morte
512 2749 645 2812 meminit
659 2751 695 2812 de
710 2751 791 2812 exitu
806 2751 932 2813 filiorum
946 2751 1037 2813 Israel
1053 2752 1089 2812 de
1104 2750 1250 2832 Aegypto,
1260 2757 1298 2820 et,
1313 2746 1412 2808 deillo

240 2865 343 2930 eertus,
366 2856 520 2919 mandavit
542 2858 578 2918 de
599 2855 714 2918 ossibus
735 2857 795 2918 suis
817 2857 847 2918 in
870 2866 978 2920 terram
999 2855 1173 2938 promissam
1195 2852 1413 2916 transferendis.

239 2961 313 3024 Fide
327 2963 456 3044 Moyses,
471 2983 537 3026 cnm
551 2971 640 3024 natus
654 2973 737 3036 esset,
752 2963 913 3026 occultatus
935 2973 980 3026 est
993 2982 1046 3044 per
1066 2972 1125 3024 tres
1140 2981 1253 3024 menses
1266 2982 1287 3023 a
1301 2977 1411 3042 paren-

240 3066 319 3129 tibus
334 3068 402 3142 suis,
416 3067 555 3150 quoniam
569 3067 704 3131 viderunt
727 3071 884 3133 formosum
908 3090 969 3132 esse
990 3087 1121 3151 puemm,
1144 3079 1175 3132 et
1193 3067 1319 3131 edietum
1334 3063 1411 3145 regis

115 3224 119 3234 .
238 3175 275 3238 de
290 3173 486 3239 interficiendo
494 3175 573 3237 omui
582 3177 660 3238 foetu
670 3175 799 3239 masculo
808 3185 1050 3258 contempsemnt
1080 3175 1153 3238 Fide
1162 3177 1280 3256 Moyses
1290 3173 1412 3235 adultus

238 3281 333 3344 noluit
347 3282 426 3344 filiae
440 3282 603 3344 Pharaonis
617 3282 695 3345 filius
709 3282 829 3358 haberi;
851 3303 921 3344 nam
935 3284 1035 3365 potius
1052 3283 1139 3364 elegit
1160 3280 1250 3362 affligi
1272 3299 1340 3343 oum
1353 3299 1412 3362 po-

239 3387 310 3471 pulo
324 3388 388 3462 Dei,
403 3408 491 3470 qnam
507 3389 697 3470 temporalem
712 3390 820 3451 habere
835 3389 945 3471 peccati
960 3389 1135 3466 utilitatem3
1150 3387 1282 3452 ditiorem
1298 3408 1330 3450 se
1345 3388 1412 3449 exi-

238 3491 380 3570 stimavit,
395 3515 430 3558 ao
444 3495 469 3557 si
484 3495 619 3558 omuibus
633 3495 763 3578 Aegypti
782 3496 886 3578 opibus
901 3497 1040 3571 afflueret,
1061 3496 1086 3558 si
1109 3495 1293 3559 calamitates
1308 3494 1411 3576 populi

237 3601 338 3677 Israel,
348 3599 771 3684 Christumpraesignidoautis,
781 3605 935 3685 perferret3
949 3604 1031 3668 oculo
1040 3603 1148 3685 quippe
1166 3603 1232 3665 fidei
1247 3601 1412 3683 aspiciebat

236 3707 268 3772 in
284 3709 474 3772 beatitudiuis
488 3719 623 3772 aeternae
638 3711 906 3775 remunerationem.
938 3712 1048 3772 Eadem
1063 3711 1119 3772 fide
1128 3729 1195 3772 oum
1210 3710 1344 3772 universo
1353 3728 1411 3789 po-

236 3817 307 3904 pulo
322 3815 452 3879 discessit
466 3835 504 3878 ex
518 3817 665 3898 Aegypto,
680 3836 733 3879 nec
746 3817 821 3898 regis
835 3820 959 3881 furorem
973 3815 1183 3893 reformidavit3
1204 3817 1308 3879 fortem
1331 3813 1410 3877 enim

235 3943 266 3984 se
281 3923 378 4004 gessit,
393 3923 462 4005 quia
471 3923 722 4004 persuasissimum
738 3923 764 3984 ei
773 3933 836 3985 erat
850 3925 885 3986 de
894 3923 1132 4005 praesentissima
1140 3923 1195 3986 Dei
1210 3943 1273 4004 ope.
1304 3923 1410 3984 Fidem

234 4029 348 4091 habens
363 4029 481 4110 Moyses
495 4029 621 4092 instituit
642 4031 749 4092 festum
764 4031 908 4093 Pasohale
931 4041 961 4092 et
982 4030 1175 4112 aspersionem
1185 4029 1349 4120 pauguinis,
1372 4047 1411 4090 ue

233 4133 355 4215 augelus
369 4134 479 4208 mortis,
502 4135 551 4216 qui
567 4135 780 4218 Aegyptiorum
803 4135 994 4218 primogenita
1015 4135 1148 4218 perdidit,
1171 4135 1261 4198 etiam
1284 4135 1409 4198 Israeli-

233 4249 331 4301 tarum
346 4239 538 4322 primogenita
553 4252 720 4324 percuteret
751 4241 823 4304 Fide
832 4261 931 4305 omues
940 4242 1091 4305 Israelitae
1100 4240 1219 4322 ingressi
1235 4251 1306 4303 sunt
1316 4259 1407 4316 mare,

232 4352 263 4406 et
276 4341 370 4404 illaesi
385 4363 436 4425 per
449 4345 523 4407 illud
537 4345 720 4421 transierunt,
735 4348 818 4431 quasi
833 4367 885 4431 per
899 4347 1004 4412 siccam
1020 4356 1127 4410 terram
1135 4367 1143 4424 ;
1160 4347 1237 4430 quod
1253 4347 1318 4410 ausi
1334 4345 1401 4409 Ae-
