3064 4894
573 347 697 414 Expositio
716 347 776 400 vn.
795 345 838 398 27.
1226 349 1286 414 127

123 527 367 588 contaminatione
383 546 434 607 per
447 545 492 588 res
507 527 636 608 impuras
651 545 752 590 cavere
767 527 928 600 debebant;
943 525 987 588 ita
1003 533 1035 586 ut
1049 545 1085 586 ne
1095 525 1133 586 ad
1148 523 1289 587 cadavera

123 633 239 712 quidem
256 643 409 713 parentum
425 651 541 697 suorum
564 633 672 714 ingredi
694 633 765 713 ipsis
787 632 884 694 liceret
906 629 1200 714 (Lev.xx1.1r.);
1224 631 1287 692 sola

124 738 215 820 virgo,
230 759 285 800 non
302 749 400 800 autem
417 739 507 801 vidua
521 739 568 800 vel
584 756 769 820 quaecunque
784 738 844 800 alia
860 737 955 799 urinas
970 755 1042 818 pura
1057 747 1200 817 reputata,
1216 756 1289 799 uxor

122 845 184 906 eins
199 845 260 906 fieri
276 853 400 926 poterat,
417 867 475 921 „ne
494 848 691 908 commisceat
705 848 836 927 stirpem
857 845 980 928 generis
1002 846 1055 906 aar
1075 841 1167 922 vulgo
1188 845 1289 925 emtis

127 957 225 1013 suce“
243 951 327 1030 (Lev,
343 951 432 1012 XXI.
453 949 523 1033 lfa).
554 949 611 1013 Sed
627 952 699 1013 baec
714 961 833 1012 externa
848 951 887 1011 ab
902 947 980 1012 omni
996 948 1108 1029 impuro
1130 948 1289 1030 segregatio

126 1057 290 1136 pontificem
307 1057 450 1140 iudaicam
467 1077 522 1118 non
539 1057 665 1119 faciebat
678 1057 789 1118 interne
804 1065 945 1130 sanctum,
968 1053 1064 1135 qualis
1078 1054 1133 1116 fuit
1147 1054 1288 1128 Christus,

125 1165 220 1244 quoad
237 1181 340 1242 corpus
355 1173 384 1224 et
399 1164 526 1225 animam
544 1163 722 1244 purissimus,
745 1182 802 1243 quo
824 1161 951 1223 sanctius
974 1159 1002 1221 in
1027 1160 1158 1222 universo
1173 1161 1289 1235 mundo,

127 1268 184 1330 imo
200 1267 228 1330 in
245 1270 316 1350 ipsis
325 1269 411 1331 coelis
426 1289 483 1331 non
492 1271 593 1344 datan
604 1269 685 1331 hinc:
701 1264 887 1356 ὑψηλότερος
903 1279 959 1332 τῶν
976 1263 1109 1352 οὐρανῶν
1123 1273 1289 1353 γενόμενος.

216 1414 243 1458 ν.
260 1395 311 1460 27.
334 1395 368 1467 ὃς
391 1391 447 1458 οὐκ
469 1395 534 1480 ἔχει
556 1390 633 1458 καθ’
655 1393 771 1481 ἡμέραν
793 1391 937 1477 ἀνάγκην,
959 1389 1056 1475 ὥςπερ
1079 1386 1108 1456 οἱ
1129 1390 1288 1478 ἀρχιερεῖς,

125 1505 269 1585 πρότερον
285 1495 358 1585 ὑπὲρ
374 1512 430 1564 τῶν
451 1495 532 1566 ἰδίων
548 1497 699 1586 ἁμαρτιῶν
724 1503 834 1571 θυσίας
854 1497 1019 1584 ἀναφέρειν,
1041 1496 1142 1563 ἔπειτα
1163 1509 1220 1564 τῶν
1235 1509 1288 1564 τοῦ

125 1608 212 1670 λαοῦ·
249 1616 336 1682 τοῦτο
361 1610 419 1692 γὰρ
443 1605 581 1692 ἐποίησεν
603 1602 732 1692 ἐφάπαξ,
753 1601 858 1669 ἑαυτὸν
881 1602 1050 1685 ἀνενέγκας.
1066 1639 1109 1648 -
1125 1603 1170 1664 De
1191 1605 1288 1666 verbis

121 1709 197 1776 καθ’
214 1709 329 1800 ἡμέραν
346 1710 440 1772 multa
457 1711 643 1792 disputarunt
658 1711 697 1772 ad
712 1709 1081 1790 honclocuminterpretes.
1104 1709 1193 1771 Haud
1204 1711 1287 1792 pauci

120 1815 149 1878 in
166 1837 200 1878 ea
215 1828 367 1878 versantur
382 1817 535 1892 sententia,
561 1827 594 1878 ut
609 1817 644 1877 de
667 1815 797 1896 quolibet
820 1815 996 1896 expiationis
1019 1814 1064 1876 die
1086 1815 1206 1877 solemni
1222 1818 1251 1881 h.
1268 1817 1286 1882 l.

121 1921 169 2004 agi
185 1925 310 1996 credant,
326 1933 356 1984 et
370 1924 521 2004 cogitando
544 1923 734 1985 adiiciendum
758 1929 892 1983 statuant
913 1929 1101 2009 τεταγμένην,
1124 1922 1287 1996 constituto,

120 2030 247 2104 definito,
262 2039 339 2092 certo
354 2029 408 2102 die,
424 2030 473 2109 qui
488 2049 591 2110 nempe
607 2029 762 2110 quotannis
776 2029 948 2102 recurrebat,
963 2047 1020 2108 quo
1037 2027 1166 2110 pontifex
1175 2029 1195 2090 J
1198 2029 1287 2090 udae-

121 2153 204 2198 orum
219 2155 270 2216 pro
286 2134 345 2195 suis
361 2145 389 2194 et
403 2135 503 2215 populi
514 2133 638 2215 peccatis
654 2135 822 2197 sacrificium
832 2133 977 2196 offerebat.
1005 2133 1063 2196 Ast
1070 2133 1147 2200 καθ’
1162 2135 1287 2226 ἡμέραν,

125 2241 174 2306 ubi
190 2241 319 2313 occurrit,
336 2241 391 2302 hac
406 2241 536 2322 praedita
546 2251 590 2302 est
600 2249 753 2322 potestate,
768 2251 801 2301 ut
810 2239 936 2303 declaret
945 2240 1080 2320 quotidie.
1096 2243 1134 2303 Η.
1152 2243 1172 2303 l.
1188 2253 1285 2304 autem

119 2343 196 2414 καθ’
212 2345 327 2436 ἡμέραν
343 2347 458 2408 omnino
475 2347 651 2428 populariter
667 2356 711 2408 est
726 2347 844 2422 dictum,
860 2355 889 2408 et
903 2345 1092 2428 intelligenda
1114 2359 1182 2410 sunt
1197 2347 1287 2412 sacri-

119 2452 185 2514 ficia
200 2473 218 2513 a
235 2451 368 2534 pontifice
384 2472 434 2533 pro
451 2474 481 2514 se
496 2451 606 2526 oblata,
632 2451 855 2533 quotiescunque
877 2451 931 2514 sibi
956 2465 1138 2534 peccatorum
1160 2455 1287 2517 conscius

118 2567 202 2633 esset,
218 2568 247 2619 et
262 2558 440 2632 sacrificium,
457 2560 533 2641 quod
549 2577 600 2639 pro
617 2559 740 2639 peccatis
756 2559 815 2620 suis
831 2559 876 2620 die
886 2559 1061 2640 expiationis
1076 2549 1199 2644 solemni
1215 2561 1286 2623 olle-

118 2667 210 2727 rebat.
241 2663 375 2726 Ceterum
392 2665 520 2748 Jcsesus
536 2663 673 2728 Flavius
689 2675 813 2727 testatur
829 2665 877 2749 (de
893 2666 971 2728 bello
987 2667 1044 2732 ino.
1055 2667 1093 2728 V.
1104 2667 1134 2734 5,
1151 2661 1194 2752 7.)
1213 2685 1287 2747 pon-

118 2771 210 2833 tifices
225 2771 352 2833 iudaicus
367 2771 483 2852 saepius
499 2771 527 2833 in
543 2791 620 2834 anno
635 2773 817 2847 sacrificasse
833 2774 891 2834 imo
907 2771 936 2834 iu
954 2773 1109 2836 Talmadc
1125 2774 1189 2853 (jer.
1206 2771 1287 2834 Cha-

118 2877 186 2958 giga
200 2879 289 2951 11.4.‚
305 2879 373 2944 bab.
388 2877 539 2940 Pesachim
551 2878 615 2961 57.)
632 2877 775 2952 asseritur,
791 2897 857 2940 eum
867 2877 994 2960 quotidie
1004 2879 1248 2942 sacrificiaofferre
1263 2879 1287 2963 ¹)

118 3020 162 3030 —
178 2983 295 3045 Verba:
311 2994 398 3050 τοῦτο
415 2989 472 3070 γὰρ
489 2985 626 3072 ἐποίησεν
643 2983 762 3072 ἐφάπαξ
788 3003 971 3066 nequaquam
994 2987 1141 3048 referenda
1166 2988 1287 3048 suntad

118 3111 232 3153 omnem
249 3090 408 3152 orationem
420 3099 634 3172 antegressam;
650 3095 698 3152 sed
709 3093 856 3153 referenda
872 3103 940 3153 sunt
950 3091 1129 3155 solummodo
1140 3095 1180 3156 ad
1194 3111 1286 3154 mern-

119 3199 203 3258 brum
222 3196 351 3278 proxime
367 3199 553 3258 antecedens:
570 3193 643 3282 ὑπὲρ
660 3211 716 3263 τῶν
733 3208 784 3263 τοῦ
802 3199 895 3272 lactu
920 3217 987 3259 uum
1010 3197 1143 3261 Christus
1167 3208 1286 3280 peccato

117 3312 148 3364 et
164 3322 274 3384 expers.
301 3343 313 3349 -
351 3301 515 3364 Antithesis
530 3322 597 3364 vero
613 3317 657 3364 est
672 3305 760 3366 haec:
784 3303 937 3366 Pontifices
960 3305 1063 3368 iudaici
1087 3323 1138 3388 pro
1162 3306 1287 3387 peccatis

118 3421 180 3470 tam
197 3409 263 3482 suis,
280 3427 367 3490 quarn
385 3409 484 3490 populi
507 3409 630 3473 offerunt
652 3410 772 3484 hostias,
795 3409 880 3491 idque
903 3431 1010 3492 saope;
1034 3411 1167 3473 Christus
1189 3423 1287 3474 autem

120 3537 176 3578 nou
194 3515 328 3596 presule,
353 3519 402 3577 sed
426 3515 536 3590 alienis,
561 3515 669 3578 scilicet
692 3517 782 3578 totius
807 3516 915 3589 mundi,
939 3517 1064 3598 peccatis
1088 3519 1178 3592 offert,
1203 3517 1288 3599 ldque

120 3621 209 3683 semel
227 3631 350 3695 tarnum,
367 3623 450 3684 unica
466 3623 613 3684 oblatione
628 3624 726 3684 omnia
741 3621 869 3684 omniurn
887 3623 1034 3685 hominurn
1053 3634 1170 3704 peecata
1185 3623 1288 3704 expia-

118 3728 180 3803 vit;
197 3746 263 3810 ergo
279 3727 412 3790 Christus
429 3729 551 3791 nobilior
566 3737 596 3790 et
611 3729 751 3790 efficacior
765 3739 810 3790 est
825 3729 1009 3809 pontificibus
1024 3729 1045 3791 J
1047 3732 1211 3792 udaeorurn.

213 3833 246 3896 Si
262 3843 361 3896 autem
377 3833 575 3897 Protestantes
590 3837 627 3896 ad
652 3835 836 3897 hunc'locum
861 3845 1047 3917 provocantes
1070 3836 1110 3897 sic
1133 3830 1288 3917 argumen-

123 3949 243 4001 tantur:
259 3939 381 4003 Unicum
400 3951 444 4001 est
459 3940 565 4002 Christi
581 3941 758 4015 sacrificium,
775 3961 839 4022 ergo
855 3941 1053 4022 quotidianum
1069 3943 1178 4003 Missae
1200 3943 1289 4004 sacri-

118 4046 225 4120 ficium,
242 4055 345 4128 utpote
361 4047 443 4110 unico
459 4046 566 4109 Christi
583 4048 718 4110 sacrificio
741 4066 912 4128 repugnans,
929 4059 972 4109 est
987 4049 1161 4110 abolendum
1191 4086 1205 4094 -
1236 4069 1288 4110 nos

115 4153 296 4234 reponimus:
322 4151 445 4215 Unicum
461 4174 522 4216 esse
538 4152 646 4216 Christi
663 4154 833 4217 sacrificium
859 4154 1060 4234 captatorium,
1083 4153 1286 4217 redenrtorium

116 4296 329 4306 ...-..-.——-—-.

211 4362 229 4434 ¹)
248 4363 299 4414 Cir.
317 4362 471 4414 Luoemmo
488 4365 505 4414 l.
525 4381 554 4424 c,
574 4363 611 4416 St.
631 4363 692 4416 251.
711 4367 744 4425 l.;
763 4363 873 4432 Βὶερίαρ
892 4367 908 4415 l.
929 4381 958 4426 c..
971 4365 1008 4420 St.
1030 4364 1089 4418 172.
