3096 4886
276 315 340 384 ιον
701 309 1012 378 nasaxums.

275 495 491 576 premebantur,
505 493 629 574 intelligi
649 503 786 575 possunt;
809 513 878 555 nam
901 495 992 555 verba
1014 495 1088 556 haeo
1107 493 1251 574 parallelo
1273 501 1345 556 sunt
1365 513 1443 558 cum:
1532 539 1533 564 ι

277 604 557 688 συνκακουχεῖσθαι
573 613 615 686 τῷ
631 602 698 686 λαῷ
713 609 766 666 τοῦ
781 598 868 665 Θεοῦ.
892 599 1003 661 Paulus
1011 611 1111 661 autem
1120 599 1203 662 dioit:
1219 605 1269 666 τὸν
1279 597 1443 689 ὀνειδισμὸν
1521 583 1533 646 l

274 719 327 774 rod
342 707 484 793 Χριστοῦ,
499 709 569 789 quia
584 707 710 789 populns
724 707 815 768 lsrael
831 705 980 768 Christum
996 706 1248 789 praesignifioabot
1263 715 1294 768 et
1308 707 1379 790 quia
1393 729 1444 770 ae-

274 833 395 878 rumnae
405 825 434 876 et
443 813 635 886 calamitates,
650 833 724 893 quas
733 813 850 894 Moyses
859 832 925 876 cum
934 813 1043 896 populo
1052 811 1144 875 Israel
1153 815 1326 895 perferebat,
1336 814 1444 876 similes

273 932 357 984 erant
374 920 519 984 aerumnis
533 932 563 982 et
577 919 796 982 calamitatibus
811 918 919 981 Christi
934 917 1006 1001 (cfr.
1029 924 1079 983 τὸν
1100 917 1263 1006 ὀνειδισμὸν
1279 918 1372 985 αὐτοῦ
1389 921 1443 1009 ρέ-

276 1053 380 1115 ροντες
395 1027 484 1090 XIII.
503 1029 569 1101 13.;
583 1029 621 1090 τὰ
636 1029 808 1112 παθήματα
829 1035 881 1092 τοῦ
902 1023 1036 1110 Χριστοῦ
1058 1027 1097 1087 Π.
1113 1024 1177 1087 Cor.
1193 1029 1216 1089 1.
1231 1027 1277 1100 b.;
1301 1031 1342 1092 τὰ
1357 1023 1442 1092 boce-

277 1145 398 1224 ρήρατα
421 1147 478 1200 τῶν
501 1135 636 1219 θλίψεων
661 1143 713 1197 τοῦ
729 1131 861 1217 Χριστοῦ
883 1131 945 1193 Col.
960 1131 984 1193 I.
1000 1129 1076 1212 24).
1091 1168 1134 1177 —
1150 1131 1271 1194 Verbis:
1288 1131 1440 1216 ἀπέβλεπε

272 1245 331 1326 γὰρ
348 1239 390 1314 εἰς
406 1245 458 1327 τὴν
468 1241 708 1325 μισθαποδοσίαν
720 1241 826 1318 probat
841 1259 863 1298 s.
873 1247 981 1310 auctor,
996 1237 1070 1299 illud
1079 1247 1182 1312 totum,
1197 1240 1274 1319 quod
1285 1241 1322 1300 de
1337 1241 1440 1320 Moyse

272 1347 356 1420 dixit,
372 1345 439 1407 lidei
454 1345 541 1407 fuisse
557 1345 696 1409 effectum.
713 1343 844 1406 Primum
854 1344 930 1406 enim
940 1345 1083 1416 credebat,
1098 1355 1164 1424 post
1172 1345 1352 1418 afflictiones,
1369 1365 1441 1426 quas

271 1472 337 1517 oum
353 1451 461 1534 populo
477 1449 532 1512 Dei
548 1451 701 1524 tolerabat,
717 1460 879 1514 secuturam
894 1449 996 1534 populi
1012 1450 1195 1526 libertatem
1216 1451 1321 1512 deinde
1336 1471 1373 1514 ac
1387 1471 1440 1533 po-

274 1559 419 1622 tissimum
434 1557 501 1619 fidei
516 1577 586 1619 suae
601 1558 699 1619 oculos
714 1557 859 1619 attolebat
873 1559 912 1619 ad
934 1559 1012 1618 bona
1026 1556 1168 1631 coelestia,
1191 1577 1266 1638 quae
1280 1559 1363 1620 Deus
1378 1557 1441 1620 cul-

270 1665 382 1731 toribus
406 1663 465 1727 suis
486 1681 539 1746 pro
553 1665 682 1727 mercede
697 1684 732 1726 ac
746 1661 874 1744 praemio
899 1663 1032 1726 laborum
1054 1683 1085 1725 se
1106 1663 1285 1726 redditurum
1308 1663 1441 1745 promisit

267 1767 421 1858 (mom).

355 1899 383 1940 v.
400 1877 454 1944 27.
470 1874 572 1943 Πίστει
589 1877 748 1942 κατέλιπεν
764 1873 926 1959 Αἴγυπτον,
959 1881 1001 1964 μὴ
1024 1879 1174 1962 φοβηθείς
1196 1881 1245 1942 τὸν
1268 1881 1371 1963 θορὸν
1388 1887 1439 1942 τοῦ

269 1987 548 2070 βασιλέως-τὸν·
564 1987 622 2068 γὰρ
638 1981 767 2067 ἀόρατον
783 1981 825 2055 ὥς
847 1979 924 2067 δρῶν
940 1981 1148 2068 ἐκαρτέρησεν.
1172 2017 1213 2028 -
1236 1981 1328 2044 Multi
1349 1985 1440 2045 verba

267 2093 354 2154 huius
368 2107 471 2152 versus
485 2092 524 2153 ad
539 2089 663 2172 priorem
678 2087 791 2170 Moysis
813 2096 844 2150 et
858 2089 1004 2170 privatam
1019 2087 1149 2170 Aegypti
1171 2087 1350 2150 relictionem
1373 2101 1440 2170 post

267 2197 447 2260 interfectum
472 2196 654 2279 Aegyptium
678 2194 746 2279 (Ex.
763 2197 802 2259 II.
822 2196 870 2260 14.
887 2193 938 2280 ss.)
961 2197 1095 2270 referunt,
1118 2193 1250 2277 inprimis
1274 2205 1436 2278 propteroa,

265 2305 342 2386 quod
358 2303 489 2366 Paschae
504 2302 666 2376 celebratio,
683 2303 762 2364 cuius
778 2322 800 2364 s.
816 2313 916 2365 auctor
931 2322 958 2363 v.
975 2321 1033 2382 seq.
1050 2301 1192 2374 meminit,
1207 2302 1322 2364 exitum
1337 2306 1435 2367 Israe-

265 2411 384 2473 litamm
402 2409 593 2474 antecesserit.
624 2407 733 2470 Contra
747 2426 815 2472 vero
831 2409 882 2470 alii
897 2407 1054 2472 rectissime
1069 2417 1249 2482 monuerunt,
1265 2408 1332 2489 ipsa
1346 2411 1437 2472 verba

265 2519 295 2580 h.
311 2518 332 2582 l.
348 2517 463 2580 addita:
488 2522 529 2606 μὴ
552 2517 703 2604 φοβηθεὶς
725 2519 775 2580 τὸν
797 2518 897 2600 θορὸν
918 2525 971 2580 τοῦ
995 2515 1153 2598 βασιλέως,
1178 2513 1250 2576 satis
1274 2515 1437 2578 luculenter

268 2625 375 2698 dooere,
390 2641 550 2686 sermonem
571 2624 683 2684 essedo
699 2621 819 2684 solemni
829 2621 1037 2695 israelitarum,
1053 2624 1169 2683 ductore
1185 2621 1296 2702 Moyse,
1319 2641 1358 2684 ex
1374 2621 1438 2684 Ae-

266 2741 358 2814 gypto
366 2730 555 2812 migratione3
570 2747 639 2790 nam
650 2729 742 2790 Exod.
759 2730 798 2792 II.
815 2730 873 2803 14.,
889 2729 939 2790 ubi
954 2727 1071 2810 privata
1080 2727 1192 2810 Moysis
1206 2727 1276 2809 fuga
1291 2740 1437 2803 narratur,

266 2848 368 2922 aperte
383 2837 531 2910 declarari,
548 2837 669 2917 Moysen
686 2833 759 2896 lram
774 2835 849 2916 regis
870 2843 1047 2897 metuentem
1069 2854 1106 2896 ex
1122 2833 1258 2915 Aegypto
1280 2837 1436 2918 aufugisse.

264 2947 366 3026 Neque
382 2946 438 3007 hoc
452 2946 559 3017 obstat,
575 2943 651 3024 quod
667 2941 768 3023 prioris
783 2941 942 3003 sententiae
958 2943 1119 3004 defensores
1134 2939 1341 3024 opposuerunt,
1357 2964 1433 3025 opo-

264 3051 372 3114 stolum
388 3050 468 3131 prius
483 3065 705 3113 commemorare
720 3047 852 3110 debuisse
861 3048 994 3110 Paschae
1010 3047 1240 3122 celebrationem,
1255 3067 1315 3110 non
1325 3049 1436 3132 migra-

262 3157 370 3221 tionem
386 3177 425 3220 ex
442 3157 586 3239 Aegypto.
618 3155 648 3218 S.
664 3164 764 3218 auctor
778 3156 844 3218 fidei
860 3157 997 3236 exempla
1011 3155 1162 3217 cumulans
1185 3173 1289 3236 parum
1306 3159 1435 3220 attendit

262 3265 391 3328 ordinem
406 3263 553 3346 temporis,
568 3271 602 3326 ut
610 3263 713 3336 solent,
729 3261 778 3343 qui
793 3262 890 3325 animo
906 3273 1048 3326 commoto
1063 3262 1199 3328 scribunt.
1214 3299 1259 3312 —
1274 3277 1432 3351 καρτερεῖν

266 3372 399 3435 absolute
415 3371 551 3453 positum,
567 3380 600 3432 ut
614 3369 680 3444 h.l.‚
697 3379 794 3432 notat:
817 3369 883 3431 lorti
898 3369 996 3432 animo
1011 3390 1081 3432 esse.
1097 3406 1139 3416 -
1155 3369 1278 3433 Verbis:
1301 3377 1353 3437 τὸν
1375 3377 1435 3458 γὰρ

264 3477 393 3564 ἀόρατον
410 3477 452 3552 ὡς
468 3475 544 3564 δρῶν
560 3475 770 3563 ἐκαρτέρησεν,
785 3477 880 3538 Deum
903 3477 983 3538 haud
999 3475 1229 3557 adspectabilem
1250 3493 1321 3558 prae
1343 3480 1437 3542 oculis

266 3587 378 3647 habens
393 3585 460 3647 forti
476 3583 573 3646 animo
589 3592 659 3657 erat,
680 3583 849 3664 magnitudo
864 3582 985 3644 fiduciae
1000 3582 1112 3664 Moysis
1134 3583 1163 3643 in
1179 3583 1274 3644 Deum
1289 3585 1437 3665 repositae

262 3691 454 3772 significatum
477 3689 573 3753 verbis
595 3689 642 3752 his
664 3689 751 3752 simul
773 3689 915 3751 alluditur
929 3691 967 3750 ad
987 3687 1181 3751 definitionem
1204 3689 1271 3750 fidei
1286 3709 1314 3752 v.
1334 3693 1363 3756 1.
1379 3713 1435 3756 ex-

260 3797 381 3862 hibitae.

350 3925 378 3969 ν.
394 3905 446 3974 28.
463 3900 565 3971 Πίστει
579 3907 723 3992 πεποίηκε
740 3908 773 3972 τὸ
789 3909 895 3993 πάσχα
910 3908 962 3970 καὶ
977 3909 1030 3994 τὴν
1046 3910 1207 3992 πρόςχοσιν
1224 3913 1276 3968 τοῦ
1292 3903 1432 3992 αἵματος,

258 4009 308 4080 ἵνα
324 4018 366 4102 μὴ
382 4011 398 4078 ὁ
415 4010 592 4099 ὀλοθρείιων
608 4007 650 4078 τα
661 4018 838 4098 πρωτότοκα
853 4017 927 4098 δίγιρ
944 4009 1048 4077 αὐτῶν.
1065 4047 1109 4057 -
1124 4009 1182 4075 cfr.
1193 4011 1285 4079 Exod.
1301 4011 1377 4080 XII.
1387 4050 1432 4061 -

265 4121 375 4184 Latum
399 4121 521 4182 verbum
545 4125 689 4208 πεποίηκε
713 4119 865 4202 usurpavit
879 4119 1043 4198 apostolus,
1059 4119 1128 4200 quia
1150 4115 1263 4198 utrique
1287 4119 1344 4192 rei,
1368 4121 1435 4184 festi

263 4226 367 4307 agendi
390 4236 420 4288 et
434 4225 583 4307 sanguInis
606 4225 767 4308 spargendi,
783 4242 933 4289 commune
953 4245 1015 4287 esse
1036 4225 1137 4288 voluit.
1168 4223 1298 4286 Credidit
1313 4227 1434 4309 Moyses

261 4341 409 4394 servatum
430 4332 465 4393 iri
487 4333 679 4412 primogenita
700 4333 908 4406 Israelitarum
938 4349 1058 4413 quorum
1082 4341 1179 4416 postes
1200 4333 1341 4412 sanguine
1364 4334 1432 4417 agni
