3096 4886
300 357 364 424 172
729 361 855 424 exposco
873 359 903 411 x,
923 359 1038 412 er-ne.
1081 383 1089 394 ·

296 534 371 618 polo
386 555 462 600 orco:
477 539 603 600 ombom
620 539 703 601 mim
713 540 853 603 Domim'
867 543 1076 616 communiter
1088 542 1469 626 pracccptnmr'lliusfccil
1524 541 1525 564 ³

297 643 447 708 irritum:
468 645 586 708 ideireo
608 643 760 708 delebitur
782 656 812 710 et
826 650 969 730 perbibit
990 650 1190 728 iniguitatem
1210 655 1339 713 eoam‘.
1371 649 1468 712 Prouti

297 767 363 830 ergo
377 749 406 813 in
423 749 461 816 A.
477 751 510 813 F.
527 769 579 832 pro
594 751 760 832 expiatione
774 753 885 834 peccati
895 773 947 835 per
955 763 1134 818 contemtum
1144 755 1216 836 legis
1224 756 1375 818 commissi
1391 756 1468 818 nulla

297 857 402 919 aderet
416 857 522 930 hostin,
538 858 607 938 quie
615 858 665 939 qui
674 859 715 920 sic
724 860 855 940 peccavit
864 861 1009 938 ‚rebellis
1016 863 1089 944 suit
1096 863 1249 926 advenas
1256 865 1443 927 Dominum
1449 868 1468 936 ⁸,

264 1021 269 1032 ,
296 963 338 1026 ita
353 965 442 1028 etium
457 965 487 1026 in
504 965 543 1032 N.
558 967 594 1026 T.
610 965 781 1028 sacrificium
796 965 905 1029 Christi
921 967 962 1028 nil
977 969 1097 1049 prodest
1111 968 1163 1043 illi,
1179 969 1229 1050 qui
1244 989 1264 1030 a
1278 971 1380 1032 salute
1396 969 1468 1032 chri-

296 1071 393 1134 stione
408 1071 512 1135 defecit
527 1071 601 1134 etin
616 1081 697 1135 statu
712 1073 974 1137 defectionishuius
989 1085 1171 1156 perseveram
1185 1095 1256 1138 nam
1272 1077 1325 1158 qni
1339 1077 1468 1140 consulto
1524 1059 1525 1140 l

296 1199 315 1240 e
337 1177 474 1260 religione
497 1179 593 1240 deficit
613 1179 731 1260 eiusque
754 1179 993 1261 promissionibus
1014 1192 1045 1242 et
1065 1182 1223 1244 commodis
1243 1185 1407 1260 renuntiat,
1428 1183 1469 1246 hio

296 1284 432 1366 repudiet
447 1283 555 1347 Christi
571 1284 750 1360 sucrificium,
766 1287 846 1349 onius
861 1289 970 1350 fructum
985 1287 1100 1352 nonnisi
1109 1288 1272 1370 percipiunt
1285 1289 1391 1353 iulide
1403 1311 1468 1353 con-

296 1399 408 1454 stanter
422 1401 632 1473 permanentes.
649 1427 690 1440 -
708 1391 739 1460 S.
754 1403 855 1456 auctor
868 1394 1035 1476 itoquehl
1052 1395 1095 1457 nil
1111 1395 1193 1458 aliud
1207 1397 1350 1478 exprimit
1366 1417 1468 1480 quom:
1524 1397 1525 1478 3

295 1507 387 1562 entra
402 1498 561 1563 ecolesimo
574 1498 812 1583 tulmentum)
1524 1511 1525 1518 ’

384 1643 411 1685 ν.
428 1623 478 1690 27.
496 1627 612 1712 φοβερὰ
635 1625 667 1690 tt
693 1649 737 1699 τις
752 1622 869 1715 ἐκδοχὴ
892 1631 1020 1711 κρίσεως
1034 1628 1088 1692 καὶ
1110 1631 1204 1712 πυρὸς
1227 1629 1332 1714 ζῆλος,
1358 1626 1467 1694 ἐσθίειν

296 1733 464 1818 μέλλοντος
479 1734 550 1806 τοὺς
565 1729 763 1805 ὑπεναντίους.
780 1767 821 1776 -
839 1731 889 1793 Ad
904 1734 1007 1794 verba:
1023 1737 1140 1821 φοβερὰ
1155 1735 1188 1798 δέ
1204 1757 1248 1806 τις
1264 1731 1387 1824 ἐκδοχὴ
1403 1741 1467 1821 κρῖ,

294 1861 371 1912 oso<
386 1837 660 1920 subintelligendum
676 1847 722 1900 est
736 1837 936 1905 ἀπολείπεται.
954 1873 994 1886 -
1006 1840 1092 1902 Pron.
1108 1844 1153 1914 τὶς
1168 1839 1313 1903 adlectivo
1335 1841 1467 1904 iunctum

294 1945 385 2006 hebet
399 1944 460 2006 vim
475 1941 639 2031 eugendii)
656 1951 689 2007 ut
704 1945 735 2008 h.
749 1945 769 2010 l.
791 1979 830 1995 -
841 1945 953 2010 Auctor
968 1945 1052 2010 dicit:
1067 1949 1184 2034 φοβερὰ
1194 1945 1313 2036 ἐκδοχὴ
1329 1954 1468 2035 κρίσεως,

294 2059 328 2113 ut
342 2053 485 2124 ostendat,
500 2051 595 2132 ipsum
611 2051 669 2114 inm
686 2051 931 2133 exspectationem
947 2053 1108 2116 sententiae
1128 2052 1272 2116 iudicialis
1296 2073 1362 2116 esse
1384 2054 1467 2117 terri-

293 2156 391 2229 bilem,
407 2157 515 2219 babere
530 2177 597 2220 suos
612 2178 649 2221 ex
664 2167 744 2220 metu
760 2159 911 2224 cruciatus.
930 2161 1014 2222 —In
1030 2161 1126 2223 verbis
1135 2166 1230 2246 πυρὸς
1245 2163 1343 2250 ζῆλος
1359 2173 1464 2242 proso-
1524 2219 1525 2260 p

288 2261 421 2344 ⁴popoeio
431 2273 491 2339 est;
509 2265 659 2346 apostolus
668 2265 763 2347 ignem
779 2266 862 2346 quasi
878 2265 998 2340 animet,
1013 2267 1164 2349 vitemque
1179 2277 1209 2330 et
1222 2267 1300 2330 vires
1315 2267 1342 2329 ci
1358 2269 1469 2341 tribuit,
1524 2279 1525 2342 i

294 2369 344 2450 qui
366 2368 458 2432 instar
479 2370 576 2433 irritae
599 2373 676 2434 ferae
707 2373 898 2453 apprehendit
920 2383 949 2434 et
978 2375 1098 2436 devoret
1119 2373 1256 2441 inimicos.
1284 2411 1324 2420 —-
1349 2375 1468 2436 Verba:

295 2476 407 2543 ἐσθίειν
424 2479 591 2566 μέλλοντας
614 2479 761 2541 referende
785 2488 854 2542 sunt
875 2481 913 2542 ed
934 2485 1036 2565 τορός,
1053 2479 1102 2560 qui
1119 2478 1220 2566 (ignis)
1242 2492 1468 2562 consumpturus

294 2593 353 2659 est;
369 2593 399 2647 et
413 2585 557 2648 vocabulo
572 2595 628 2671 πῦρ
645 2585 792 2666 eleganter
807 2586 940 2648 adiicitur
955 2583 1076 2655 ἐσθίειν,
1092 2605 1266 2662 consumere,
1282 2589 1363 2668 quod
1379 2588 1467 2650 etism
1524 2657 1525 2690 p

292 2693 371 2772 apud
385 2693 564 2756 Homerum
586 2693 621 2754 de
643 2692 708 2772 igne
724 2692 848 2773 positum
872 2702 978 2757 exstat.
997 2731 1036 2742 --
1053 2689 1219 2759 buerdmror
1242 2695 1389 2756 denotant
1403 2696 1435 2760 h.
1451 2695 1469 2757 l.
1524 2695 1525 2698 ’

292 2797 436 2880 religionis
451 2797 559 2860 Ohristi
576 2807 767 2861 contemtores
782 2807 812 2861 et
826 2802 991 2862 desertores.

381 2942 409 2986 v.
426 2923 478 2989 28.
494 2918 672 3010 Ἀθετήσας
688 2947 732 2997 τις
742 2921 832 3009 νόμον
848 2921 1013 2998 Mutetur,
1029 2929 1126 3012 χωρὶς
1145 2923 1303 3010 οἰκτιρμῶν
1320 2924 1370 2990 ἐπὶ
1386 2927 1468 2990 δυσὶν
1524 2925 1525 2928 '

292 3029 312 3118 ἢ
328 3033 404 3113 τρισὶ
421 3035 565 3116 μάρτυσιν
581 3027 779 3118 ἀποθνήσκει·
799 3065 837 3077 -
856 3029 1087 3110 Argumentatur
1109 3051 1186 3094 nuno
1207 3031 1360 3112 apostolus
1375 3052 1395 3093 a
1411 3032 1468 3093 mi-

293 3133 355 3196 nori
371 3136 408 3196 ed
424 3135 527 3208 meins,
544 3155 600 3216 quo
616 3135 799 3198 atrocitatem
814 3155 973 3217 poenarum
988 3137 1178 3200 defectoribus
1193 3147 1223 3199 et
1237 3138 1468 3200 contemtoribus

297 3239 407 3303 Christi
422 3243 642 3304 metuendorum
663 3244 807 3316 ostendat,
829 3261 893 3304 cunr
916 3242 975 3304 iarn
998 3244 1152 3306 defectioa
1174 3244 1236 3324 lege
1251 3243 1384 3307 Mosaios
1400 3263 1468 3326 gra·

291 3347 366 3408 viter
380 3347 419 3409 sit
435 3348 544 3429 punita.
572 3355 724 3436 -νόμος
746 3346 903 3423 Morietur<
926 3351 956 3414 h.
980 3349 1000 3415 l.
1023 3351 1143 3412 denotat
1165 3349 1329 3412 universam
1353 3351 1468 3432 Moysis

295 3455 396 3534 legem,
421 3453 588 3535 religionem
603 3454 763 3536 antiquam.
782 3491 820 3502 —-
840 3453 856 3519 ὁ
874 3455 1031 3544 ἀθετήσας
1047 3462 1137 3543 νόμον
1163 3454 1320 3530 Mensem
1342 3466 1398 3530 est,
1420 3457 1468 3540 qui

294 3561 386 3642 legem
403 3561 564 3624 Moseicem
588 3561 686 3635 reiicit,
709 3560 878 3642 oreligione
893 3565 933 3626 V.
949 3563 983 3624 Τ.
1007 3561 1102 3624 deficit
1123 3573 1153 3624 et
1172 3562 1251 3625 idola
1274 3561 1353 3636 colit,
1375 3563 1422 3624 ita
1437 3573 1467 3624 ut

293 3667 414 3735 ἀθετεῖν
430 3669 507 3730 idem
523 3669 568 3742 sit,
584 3669 697 3750 quodr,
714 3685 807 3749 preco.
818 3667 1006 3755 ἁμαρτάνειν.
1038 3668 1136 3730 Etiam
1146 3669 1233 3730 Deut.
1241 3668 1350 3734 XVII.
1360 3671 1467 3741 2—t.‚

296 3771 346 3837 'ubi
363 3776 531 3849 inculcatur,
547 3774 709 3856 quemlibet
730 3793 810 3836 reum
833 3776 954 3837 duorum
970 3785 1022 3837 aut
1036 3775 1124 3837 trium
1147 3775 1264 3837 testium
1286 3775 1376 3838 effato
1398 3797 1467 3838 oon-

194 3937 195 3942 ,
292 3881 401 3944 victum
417 3902 479 3943 esse
494 3881 607 3954 debere,
624 3902 639 3942 e
654 3901 711 3962 quo
728 3881 788 3944 loco
804 3881 910 3944 ultima
919 3881 1006 3944 buius
1020 3900 1119 3944 versus
1133 3882 1223 3942 verba
1237 3883 1376 3944 desumto
1390 3891 1466 3954 sunt,

290 4006 384 4051 sermo
400 3998 445 4050 est
459 3990 495 4050 de
510 3987 652 4050 idolorum
668 3988 757 4052 cultu.

378 4115 405 4157 v.
422 4097 474 4162 29.
489 4101 581 4180 πόεῳ,
598 4096 721 4169 δοκεῖτε,
744 4099 881 4182 χείρονος
905 4087 1108 4183 &tristiumue
1130 4099 1273 4182 τιμωρίας
1296 4092 1314 4159 ὁ
1336 4101 1387 4162 τὸν
1404 4092 1464 4161 υἱὸν

380 4303 399 4374 ¹)
418 4307 468 4357 Gir.
488 4303 599 4370 Btpmp
617 4305 635 4355 l.
654 4319 684 4363 e,
703 4304 740 4356 St.
759 4303 820 4356 237.
840 4307 858 4356 l.
921 4311 930 4328 ‘

378 4396 400 4460 ’ρ
420 4393 469 4444 crr.
497 4391 580 4442 Weber·
597 4395 708 4444 Grnmm.
726 4395 794 4446 Anu.
813 4389 851 4453 7.;
869 4391 906 4443 St.
927 4390 986 4444 160.
