3072 4882
260 249 323 314 144
703 250 827 317 ananan
845 248 889 301 rx.
908 245 933 300 ο.
960 250 999 297 ιο,

346 447 373 486 v.
384 429 413 492 9.
429 427 494 516 ἥτις
504 430 666 518 παραβολὴ
676 425 718 504 εἰς
734 435 782 494 τὸν
791 434 894 515 καιρὸν
905 434 954 492 τὸν
964 427 1153 513 ἐνεστηκότος
1163 423 1240 492 καθ’
1251 429 1287 512 ἣν
1298 425 1379 509 δώρά
1394 448 1422 488 τε

257 537 309 597 καί
324 537 428 599 θυσίαι
444 541 669 621 προςφέρονιαι,
686 541 727 624 μὴ
744 537 902 621 δυνάμεναι
922 539 1001 599 κατὰ
1024 535 1188 619 συνείδησιν
1205 535 1361 598 τελειῶσαι
1375 535 1421 596 τὸν

258 641 451 724 λαπρείιονια,
467 676 510 686 -
521 637 613 714 “Here
629 643 808 704 retereudurn
825 651 869 702 ost
884 643 923 702 ad
938 642 1036 712 verba,
1059 659 1134 720 quae
1149 638 1282 720 proxime
1298 655 1424 718 praeces-

257 756 364 820 serunt,
379 752 502 833 πρώτης
517 761 648 838 σκηνης;
665 748 737 810 haec
751 747 877 809 anterior
892 766 959 828 pars
975 745 1164 816 tabernaculi,
1180 745 1198 805 i.
1209 765 1234 806 e.
1252 742 1331 827 (coll.
1348 741 1426 803 dictis

261 854 300 913 ad
316 872 343 916 v.
359 850 466 936 praec.)
483 853 529 914 hio
544 854 639 916 cultus
653 853 809 926 Leviticus,
825 843 881 934 'qui
898 853 1019 915 liberum
1035 855 1071 913 ad
1089 853 1182 914 Deum
1207 851 1322 913 aditum
1338 848 1426 930 impe-

260 958 312 1032 dit,
328 968 373 1020 est
388 960 484 1040 imago
499 961 537 1022 ad
560 961 632 1024 haec
648 980 737 1042 usque
759 970 899 1041 tempora.
915 997 959 1007 -
974 961 1136 1044 παραβολή
1154 955 1284 1042 (proprie
1314 954 1426 1018 collatio

260 1065 300 1126 rei
317 1065 438 1128 alicuius
453 1085 519 1128 curn
535 1064 643 1149 altera)
660 1068 688 1126 h.
707 1067 723 1127 l.
742 1067 783 1127 ita
798 1067 921 1146 ponitur,
945 1076 978 1128 ut
994 1069 1111 1128 denotet
1133 1075 1247 1146 typum,
1271 1061 1425 1142 exemplar,

260 1172 416 1251 imaginem
431 1173 473 1234 rei
490 1172 619 1235 alicuius.
630 1171 699 1236 -d
716 1179 821 1258 καιρὸς
837 1173 1004 1260 ἐνεστηκώς
1013 1171 1168 1254 opponitur
1183 1183 1224 1255 τῷ
1241 1182 1339 1255 καιρῷ
1356 1171 1425 1254 par-

261 1281 344 1344 λοντι
360 1287 390 1338 et
404 1279 537 1360 designat
553 1288 668 1360 ternpus
683 1279 787 1342 veteris
802 1280 917 1351 ordinis,
934 1289 1048 1360 tempus
1064 1278 1238 1358 praecedens
1261 1281 1312 1342 τὸν
1328 1279 1425 1360 καιρὸν

260 1387 425 1470 μέλλοντα,
442 1385 503 1447 sive
518 1395 634 1467 tempus
650 1387 834 1458 messianum,
850 1397 965 1467 tempus
981 1385 1046 1448 novi
1063 1383 1141 1466 regni
1157 1383 1221 1455 Dei,
1243 1382 1322 1462 quod
1337 1401 1363 1440 v.
1382 1383 1424 1445 10.

259 1490 275 1556 ὁ
291 1497 399 1577 καιρὸς
415 1495 610 1577 διορθώσεως
626 1503 752 1560 vocatur,
771 1529 812 1537 -
830 1493 886 1554 Pro
902 1492 1022 1554 lectione
1038 1488 1114 1556 καθ’
1131 1491 1176 1578 ἤν,
1200 1507 1253 1570 pro
1269 1508 1329 1570 qua
1345 1497 1426 1548 testes

257 1597 452 1678 antiquissimi
479 1609 559 1661 stant
584 1599 636 1682 pt,
652 1601 685 1671 B,
702 1597 746 1660 D*
769 1599 829 1662 Sin.
859 1600 906 1663 17.
924 1597 991 1664 23³⁵.
1015 1599 1053 1658 al.
1071 1597 1160 1677 Vulg.
1184 1593 1291 1680 Sion),
1315 1594 1427 1656 exhibet

261 1707 390 1785 Recepta
412 1702 489 1770 καθ’
517 1704 566 1795 dnn
589 1715 635 1766 ast
657 1705 753 1781 minus
773 1714 856 1767 recte.
872 1739 917 1752 -
932 1701 1008 1769 καθ’
1031 1705 1067 1791 ἥν
1091 1703 1187 1764 referri
1211 1704 1301 1765 debet
1323 1721 1378 1764 non
1392 1701 1425 1760 ad

258 1815 438 1898 παραβολήν
457 1813 627 1893 (secundum
637 1832 722 1892 quern
734 1798 859 1894 typum),
876 1813 924 1873 sed
936 1813 973 1872 ad
984 1817 1037 1898 τὴν
1047 1816 1168 1895 πρώτην
1185 1816 1317 1895 σκηνήν;
1333 1827 1425 1869 sensns

260 1928 318 1978 est:
336 1917 390 1988 cni,
405 1917 465 1979 soil.
482 1917 615 1980 anteriori
626 1919 700 1998 parti
717 1918 904 1990 tabernaculi,
920 1918 937 1978 i.
949 1938 972 1980 e.
989 1917 1079 1979 cultui
1090 1915 1221 1978 Levitico
1231 1913 1425 1976 convenienter

258 2041 378 2100 munera
400 2033 430 2083 et
446 2013 557 2086 hostiae
580 2026 744 2086 offeruntur.
826 2028 905 2088 κατὰ
928 2026 1100 2110 συνείδησιν,
1124 2021 1332 2086 conscientiam
1355 2022 1423 2100 quod

258 2129 380 2204 attinet;
397 2129 535 2191 sacrificia
545 2129 620 2192 enirn
632 2131 775 2192 nerninem
790 2132 826 2191 de
837 2132 933 2192 fervore
944 2130 998 2191 Dei
1008 2139 1118 2192 certum
1128 2129 1307 2203 reddebant;
1323 2128 1424 2189 solum-

258 2237 345 2297 rnodo
361 2235 560 2297 liberationem
576 2258 594 2296 a
611 2255 704 2316 poena
726 2235 803 2298 civili
827 2236 1030 2298 conciliabant.
1047 2272 1089 2281 -
1107 2236 1163 2297 Per
1179 2241 1229 2300 τὸν
1248 2238 1425 2319 λατρεώονια

258 2362 315 2402 nou
331 2350 376 2402 est
390 2341 594 2421 intelligendus
610 2345 741 2403 sacerdos
751 2360 867 2404 munere
877 2363 929 2404 suo
945 2345 1075 2422 fungens,
1091 2344 1141 2403 sed
1158 2341 1285 2422 quilibet
1302 2342 1424 2410 Iudaeus,

257 2448 307 2528 qui
322 2468 375 2510 suo
392 2447 614 2510 nornineofferri
630 2449 724 2512 voluit
738 2447 877 2511 sacrificia
893 2449 1052 2528 piacularia

346 2575 375 2620 v,
404 2557 444 2620 10
484 2561 572 2640 μόνον
598 2553 645 2618 ἐπί
670 2557 806 2640 βρώμασι
831 2560 883 2619 καί
908 2553 1020 2641 πόμασι
1045 2560 1097 2620 καί
1122 2557 1282 2640 διαφόροις
1310 2557 1424 2636 βαπτισ-

258 2672 324 2745 μοῖς
349 2663 537 2746 δικαιώματα
563 2666 676 2745 σαρκὸς
699 2667 790 2746 μέχρι
815 2672 922 2744 καιροί)
955 2662 1152 2744 διορθώσεως
1184 2659 1364 2745 ἐπικείμενα.
1390 2695 1423 2702 --

262 2767 361 2828 Lectio
394 2766 480 2829 huius
512 2783 611 2827 versus
647 2765 765 2828 varians
796 2778 854 2840 est;
895 2767 1025 2847 Vulgata
1059 2775 1088 2825 ct
1125 2765 1260 2828 nonnulli
1300 2765 1350 2827 alii
1383 2782 1426 2844 pro

260 2874 448 2957 δικαιώματα
471 2872 584 2952 legunt:
608 2877 659 2937 καί
682 2873 885 2958 δικαιώμασιν,
908 2883 937 2932 et
961 2891 1012 2952 pro
1034 2872 1204 2957 ἐπικείμενα
1229 2874 1344 2935 habent
1368 2871 1427 2936 ἐπι-

259 2984 416 3063 κειμένοις,
439 2980 515 3058 quod
532 2967 697 3040 cohaereret
717 2998 781 3040 curn
798 2982 934 3065 βρώμασι
950 2984 1001 3043 καί
1017 2985 1131 3065 πόμασι
1147 2989 1210 3050 eta,
1227 2987 1258 3039 et
1274 2982 1366 3041 verba
1380 2977 1425 3039 illa
1482 3040 1485 3048 ,
1512 2961 1513 2966 “

258 3103 323 3146 cum
339 3083 576 3146 antecedentibus
585 3084 626 3144 ita
636 3084 825 3166 coniungunt:
843 3105 897 3147 non
916 3095 1035 3164 possunt
1053 3084 1207 3168 (sacrificia
1219 3085 1357 3148 nimirum
1369 3083 1427 3164 pia-

258 3188 380 3273 cularia)
397 3192 554 3272 perfectum
572 3193 662 3253 lacera
677 3191 848 3254 servientem
864 3191 1044 3254 solummodo
1067 3190 1096 3251 in
1121 3191 1194 3253 cibis
1215 3201 1246 3252 et
1272 3193 1388 3272 potibus
1402 3197 1428 3248 et
1510 3210 1511 3215 ¹

259 3295 347 3358 variis
363 3295 520 3359 lotionibus
529 3305 559 3357 et
573 3297 692 3357 statutis
702 3296 794 3359 carnis
804 3317 892 3378 usque
908 3299 945 3358 ad
955 3307 1072 3378 tempus
1081 3297 1267 3360 correctionis
1277 3296 1427 3380 impositis.

259 3401 318 3463 Sed
332 3401 461 3464 admissa
477 3403 532 3465 hac
548 3401 668 3463 lectione
677 3412 776 3464 coacta
791 3412 820 3464 ct
835 3403 993 3466 orationem
1009 3405 1163 3466 obscuram
1179 3404 1292 3466 faciens
1310 3402 1430 3485 procedit

259 3508 445 3580 constructi03
474 3517 623 3586 praetcrea
647 3508 887 3587 praestantissimi
921 3510 1030 3572 codices
1063 3519 1092 3570 et
1117 3511 1269 3572 versiones
1297 3511 1429 3592 antiquae

260 3613 410 3675 lectionem
420 3613 561 3675 exhibent
570 3614 658 3675 hanc:
675 3615 862 3700 δικαιώματα
880 3668 885 3678 .
903 3670 907 3682 .
926 3667 932 3679 .
949 3615 1126 3702 ἐπικείμενα,
1144 3626 1175 3677 et
1184 3624 1239 3682 καί
1249 3627 1323 3680 ante
1340 3635 1431 3680 vocem
1513 3627 1514 3664 l

257 3721 446 3805 δικαιώματα
471 3719 625 3791 ornittunt3
648 3729 800 3799 propterea
823 3721 909 3782 etiam
940 3720 1092 3805 (suadente
1124 3722 1183 3786 iarn
1209 3721 1428 3802 Gaiasbocbiol

258 3825 454 3900 Lachmann,
472 3825 590 3898 Sabota,
608 3826 816 3907 discbcadors
827 3827 904 3888 hanc
914 3828 1100 3907 posteriorem
1117 3828 1275 3894 lectionem
1293 3831 1430 3900 retinent;

258 3939 354 3991 stante
370 3939 467 3992 antmn
487 3932 541 3991 hac
556 3929 676 3996 lectione
685 3950 743 3992 vox
760 3937 848 4014 μόνον
859 3934 1002 3996 referenda
1021 3944 1066 3995 est
1082 3936 1120 3997 ad
1131 3937 1341 4020 δικαιώματα,
1358 3935 1429 3999 etad
1511 3930 1512 3940 ’

258 4035 447 4121 δικαιώματα
465 4043 561 4098 mente
576 4034 767 4116 supplendum
785 4037 1022 4118 estparticipium
1038 4037 1135 4114 οδσαι,
1152 4041 1197 4102 ita
1214 4052 1251 4104 ut
1268 4060 1374 4106 sensus
1388 4042 1431 4103 sit:

262 4139 400 4201 sacrificia
420 4139 579 4218 piacularia
598 4140 814 4214 offerentemea,
830 4146 905 4223 quod
916 4145 1121 4208 conscientiam
1137 4147 1258 4220 attinet,
1277 4152 1430 4231 perfectura
1508 4172 1511 4181 ·

261 4245 377 4306 reddere
392 4263 448 4306 non
465 4253 607 4324 poterant,
624 4245 692 4326 quia
709 4267 765 4310 una
782 4267 847 4311 oum
862 4249 932 4312 cibis
948 4260 977 4312 et
992 4251 1112 4332 potibus
1129 4262 1159 4314 et
1168 4254 1263 4318 variis
1280 4256 1433 4320 lotionibus
