<?xml version="1.0" encoding="UTF-8"?>
<!DOCTYPE html PUBLIC "-//W3C//DTD XHTML 1.0 Transitional//EN"
    "http://www.w3.org/TR/xhtml1/DTD/xhtml1-transitional.dtd">
<html xmlns="http://www.w3.org/1999/xhtml" xml:lang="en" lang="en">
 <head>
  <title>
</title>
<meta http-equiv="Content-Type" content="text/html;charset=utf-8" />
  <meta name='ocr-system' content='tesseract 3.04.00' />
  <meta name='ocr-capabilities' content='ocr_page ocr_carea ocr_par ocr_line ocrx_word'/>
</head>
<body>
  <div class='ocr_page' id='page_1' title='image "./commentariusine00pngoog_0072.png"; bbox 0 0 3094 4892; ppageno 0'>
   <div class='ocr_carea' id='block_1_1' title="bbox 551 325 1284 394">
    <p class='ocr_par' dir='ltr' id='par_1_1' title="bbox 551 325 1284 394">
     <span class='ocr_line' id='line_1_1' title="bbox 551 325 1284 394; baseline -0.001 -16"><span class='ocrx_word' id='word_1_1' title='bbox 551 329 713 394; x_wconf 63' lang='lat' dir='ltr'>empirei·</span> <span class='ocrx_word' id='word_1_2' title='bbox 730 328 763 378; x_wconf 91' lang='lat'>11.</span> <span class='ocrx_word' id='word_1_3' title='bbox 783 325 862 377; x_wconf 81' lang='lat' dir='ltr'>s-o.</span> <span class='ocrx_word' id='word_1_4' title='bbox 1241 325 1284 394; x_wconf 78' lang='lat'>59</span> 
     </span>
    </p>
   </div>
   <div class='ocr_carea' id='block_1_2' title="bbox 118 501 1288 1248">
    <p class='ocr_par' dir='ltr' id='par_1_2' title="bbox 118 501 1288 1248">
     <span class='ocr_line' id='line_1_2' title="bbox 118 501 1285 590; baseline -0.002 -22"><span class='ocrx_word' id='word_1_5' title='bbox 118 506 250 586; x_wconf 84' lang='lat' dir='ltr'>Philipp.</span> <span class='ocrx_word' id='word_1_6' title='bbox 274 507 312 568; x_wconf 86' lang='grc' dir='ltr'>ΙΙ.</span> <span class='ocrx_word' id='word_1_7' title='bbox 330 510 359 578; x_wconf 87' lang='lat'>9,</span> <span class='ocrx_word' id='word_1_8' title='bbox 385 509 451 580; x_wconf 92' lang='lat'>10.;</span> <span class='ocrx_word' id='word_1_9' title='bbox 477 509 525 568; x_wconf 89' lang='lat' dir='ltr'>Lo.</span> <span class='ocrx_word' id='word_1_10' title='bbox 541 507 663 568; x_wconf 89' lang='lat' dir='ltr'>XXlV.</span> <span class='ocrx_word' id='word_1_11' title='bbox 680 503 755 588; x_wconf 84' lang='grc'>26.).</span> <span class='ocrx_word' id='word_1_12' title='bbox 781 539 821 550; x_wconf 45' lang='lat'>*-</span> <span class='ocrx_word' id='word_1_13' title='bbox 844 505 959 566; x_wconf 84' lang='lat' dir='ltr'>Verba:</span> <span class='ocrx_word' id='word_1_14' title='bbox 982 502 1063 577; x_wconf 75' lang='grc' dir='ltr'><strong>ὅπως</strong></span> <span class='ocrx_word' id='word_1_15' title='bbox 1087 510 1193 590; x_wconf 78' lang='grc' dir='ltr'><strong>χάριτι</strong></span> <span class='ocrx_word' id='word_1_16' title='bbox 1208 501 1285 568; x_wconf 77' lang='grc' dir='ltr'><strong>Θεοῦ</strong></span> 
     </span>
     <span class='ocr_line' id='line_1_3' title="bbox 118 609 1282 698; baseline -0.002 -26"><span class='ocrx_word' id='word_1_17' title='bbox 118 612 219 695; x_wconf 82' lang='lat' dir='ltr'>(iuxta</span> <span class='ocrx_word' id='word_1_18' title='bbox 233 637 258 673; x_wconf 81' lang='lat' dir='ltr'>a.</span> <span class='ocrx_word' id='word_1_19' title='bbox 274 611 445 693; x_wconf 71' lang='lat' dir='ltr'>Thalnam)</span> <span class='ocrx_word' id='word_1_20' title='bbox 460 613 608 674; x_wconf 85' lang='lat' dir='ltr'>referenda</span> <span class='ocrx_word' id='word_1_21' title='bbox 622 621 691 674; x_wconf 89' lang='lat' dir='ltr'>suut</span> <span class='ocrx_word' id='word_1_22' title='bbox 705 612 743 672; x_wconf 88' lang='lat' dir='ltr'>ad</span> <span class='ocrx_word' id='word_1_23' title='bbox 757 611 984 698; x_wconf 56' lang='grc' dir='ltr'><strong>ἠλαττωμένοκ</strong></span> <span class='ocrx_word' id='word_1_24' title='bbox 1006 609 1048 670; x_wconf 85' lang='lat' dir='ltr'>ita</span> <span class='ocrx_word' id='word_1_25' title='bbox 1070 619 1104 670; x_wconf 90' lang='lat' dir='ltr'>ut</span> <span class='ocrx_word' id='word_1_26' title='bbox 1117 629 1218 672; x_wconf 86' lang='lat' dir='ltr'>sensus</span> <span class='ocrx_word' id='word_1_27' title='bbox 1231 609 1282 670; x_wconf 91' lang='lat' dir='ltr'>sit:</span> 
     </span>
     <span class='ocr_line' id='line_1_4' title="bbox 118 715 1286 798; baseline -0.003 -20"><span class='ocrx_word' id='word_1_28' title='bbox 118 717 265 780; x_wconf 84' lang='lat' dir='ltr'><strong>Videmus</strong></span> <span class='ocrx_word' id='word_1_29' title='bbox 280 718 384 779; x_wconf 89' lang='lat' dir='ltr'>Jesum</span> <span class='ocrx_word' id='word_1_30' title='bbox 399 736 450 798; x_wconf 89' lang='lat' dir='ltr'>per</span> <span class='ocrx_word' id='word_1_31' title='bbox 465 721 551 780; x_wconf 90' lang='lat' dir='ltr'>breve</span> <span class='ocrx_word' id='word_1_32' title='bbox 567 716 802 798; x_wconf 84' lang='lat' dir='ltr'>tempusangelis</span> <span class='ocrx_word' id='word_1_33' title='bbox 811 716 970 780; x_wconf 83' lang='lat' dir='ltr'>inferiorem</span> <span class='ocrx_word' id='word_1_34' title='bbox 981 715 1177 788; x_wconf 87' lang='lat' dir='ltr'>eonstitutum‚</span> <span class='ocrx_word' id='word_1_35' title='bbox 1194 723 1286 794; x_wconf 85' lang='lat' dir='ltr'>utper</span> 
     </span>
     <span class='ocr_line' id='line_1_5' title="bbox 119 821 1286 908; baseline -0.004 -23"><span class='ocrx_word' id='word_1_36' title='bbox 119 823 177 885; x_wconf 88' lang='lat' dir='ltr'>Dei</span> <span class='ocrx_word' id='word_1_37' title='bbox 194 824 402 904; x_wconf 76' lang='lat' dir='ltr'>benignitatem</span> <span class='ocrx_word' id='word_1_38' title='bbox 416 843 469 905; x_wconf 89' lang='lat' dir='ltr'>pro</span> <span class='ocrx_word' id='word_1_39' title='bbox 483 824 561 888; x_wconf 91' lang='lat' dir='ltr'>omui</span> <span class='ocrx_word' id='word_1_40' title='bbox 576 821 720 908; x_wconf 84' lang='lat' dir='ltr'>(homine)</span> <span class='ocrx_word' id='word_1_41' title='bbox 735 823 845 886; x_wconf 88' lang='lat' dir='ltr'>subiret</span> <span class='ocrx_word' id='word_1_42' title='bbox 853 829 984 895; x_wconf 87' lang='lat' dir='ltr'>mortem,</span> <span class='ocrx_word' id='word_1_43' title='bbox 1000 823 1149 903; x_wconf 79' lang='lat' dir='ltr'><strong>posthanc</strong></span> <span class='ocrx_word' id='word_1_44' title='bbox 1164 829 1286 888; x_wconf 82' lang='lat' dir='ltr'>mortem</span> 
     </span>
     <span class='ocr_line' id='line_1_6' title="bbox 118 919 1285 1011; baseline 0.001 -21"><span class='ocrx_word' id='word_1_45' title='bbox 118 930 307 992; x_wconf 69' lang='lat' dir='ltr'><strong>exantlatum</strong></span> <span class='ocrx_word' id='word_1_46' title='bbox 332 930 424 1010; x_wconf 89' lang='lat' dir='ltr'>gloria</span> <span class='ocrx_word' id='word_1_47' title='bbox 454 939 483 992; x_wconf 89' lang='lat' dir='ltr'>et</span> <span class='ocrx_word' id='word_1_48' title='bbox 513 932 621 993; x_wconf 89' lang='lat' dir='ltr'>honore</span> <span class='ocrx_word' id='word_1_49' title='bbox 645 919 786 993; x_wconf 71' lang='lat' dir='ltr'>ornatum,</span> <span class='ocrx_word' id='word_1_50' title='bbox 811 965 854 976; x_wconf 88' lang='lat'>-</span> <span class='ocrx_word' id='word_1_51' title='bbox 878 929 1013 992; x_wconf 84' lang='lat' dir='ltr'>Phrasis:</span> <span class='ocrx_word' id='word_1_52' title='bbox 1047 930 1189 1011; x_wconf 76' lang='grc' dir='ltr'><strong>γεῦεοθοι</strong></span> <span class='ocrx_word' id='word_1_53' title='bbox 1223 931 1285 992; x_wconf 76' lang='grc' dir='ltr'>θα-</span> 
     </span>
     <span class='ocr_line' id='line_1_7' title="bbox 124 1032 1288 1120; baseline -0.007 -20"><span class='ocrx_word' id='word_1_54' title='bbox 124 1041 220 1101; x_wconf 79' lang='grc' dir='ltr'><strong>νάτου</strong></span> <span class='ocrx_word' id='word_1_55' title='bbox 244 1034 306 1120; x_wconf 78' lang='lat' dir='ltr'>(cfr.</span> <span class='ocrx_word' id='word_1_56' title='bbox 327 1036 397 1099; x_wconf 88' lang='lat' dir='ltr'>Mtt.</span> <span class='ocrx_word' id='word_1_57' title='bbox 421 1036 510 1101; x_wconf 88' lang='lat' dir='ltr'><strong>XVI.</strong></span> <span class='ocrx_word' id='word_1_58' title='bbox 535 1039 602 1113; x_wconf 80' lang='lat'><strong>28.;</strong></span> <span class='ocrx_word' id='word_1_59' title='bbox 626 1038 676 1099; x_wconf 80' lang='lat' dir='ltr'>Lo</span> <span class='ocrx_word' id='word_1_60' title='bbox 700 1036 756 1098; x_wconf 90' lang='lat' dir='ltr'>lX.</span> <span class='ocrx_word' id='word_1_61' title='bbox 782 1037 852 1107; x_wconf 54' lang='grc'>274</span> <span class='ocrx_word' id='word_1_62' title='bbox 875 1035 904 1098; x_wconf 86' lang='lat' dir='ltr'>J.</span> <span class='ocrx_word' id='word_1_63' title='bbox 928 1036 1014 1099; x_wconf 86' lang='lat' dir='ltr'>VIII.</span> <span class='ocrx_word' id='word_1_64' title='bbox 1033 1032 1099 1119; x_wconf 79' lang='lat'><strong>52.)</strong></span> <span class='ocrx_word' id='word_1_65' title='bbox 1123 1051 1288 1113; x_wconf 86' lang='lat' dir='ltr'>norrespon-</span> 
     </span>
     <span class='ocr_line' id='line_1_8' title="bbox 120 1139 1287 1248; baseline -0.003 -45"><span class='ocrx_word' id='word_1_66' title='bbox 120 1143 194 1203; x_wconf 88' lang='lat' dir='ltr'>deus</span> <span class='ocrx_word' id='word_1_67' title='bbox 225 1143 305 1204; x_wconf 85' lang='lat' dir='ltr'>hebr.</span> <span class='ocrx_word' id='word_1_68' title='bbox 336 1149 433 1248; x_wconf 55' lang='lat'>,7050</span> <span class='ocrx_word' id='word_1_69' title='bbox 455 1161 549 1234; x_wconf 61' lang='lat'>0319,</span> <span class='ocrx_word' id='word_1_70' title='bbox 564 1144 683 1206; x_wconf 85' lang='lat' dir='ltr'>denotat</span> <span class='ocrx_word' id='word_1_71' title='bbox 691 1143 768 1204; x_wconf 88' lang='lat' dir='ltr'>idem</span> <span class='ocrx_word' id='word_1_72' title='bbox 777 1161 827 1204; x_wconf 90' lang='lat' dir='ltr'>ao:</span> <span class='ocrx_word' id='word_1_73' title='bbox 843 1140 1108 1228; x_wconf 46' lang='lat' dir='ltr'>&amp;uolutamur</span> <span class='ocrx_word' id='word_1_74' title='bbox 1122 1139 1287 1202; x_wconf 79' lang='lat' dir='ltr'>Iaotionem</span> 
     </span>
    </p>
   </div>
   <div class='ocr_carea' id='block_1_3' title="bbox 119 1260 1289 2407">
    <p class='ocr_par' dir='ltr' id='par_1_3' title="bbox 119 1260 1289 2407">
     <span class='ocr_line' id='line_1_9' title="bbox 120 1260 1285 1352; baseline -0.003 -22"><span class='ocrx_word' id='word_1_75' title='bbox 120 1271 227 1352; x_wconf 83' lang='grc' dir='ltr'><strong>χάριτι</strong></span> <span class='ocrx_word' id='word_1_76' title='bbox 242 1263 319 1330; x_wconf 83' lang='grc' dir='ltr'><strong>Θεοῦ</strong></span> <span class='ocrx_word' id='word_1_77' title='bbox 335 1284 393 1326; x_wconf 90' lang='lat' dir='ltr'>non</span> <span class='ocrx_word' id='word_1_78' title='bbox 408 1283 507 1328; x_wconf 89' lang='lat' dir='ltr'>omnes</span> <span class='ocrx_word' id='word_1_79' title='bbox 516 1265 625 1329; x_wconf 87' lang='lat' dir='ltr'>oodioes</span> <span class='ocrx_word' id='word_1_80' title='bbox 634 1267 789 1340; x_wconf 83' lang='lat' dir='ltr'>exhibaot3</span> <span class='ocrx_word' id='word_1_81' title='bbox 806 1265 937 1328; x_wconf 87' lang='lat' dir='ltr'>nonnulli</span> <span class='ocrx_word' id='word_1_82' title='bbox 947 1265 1061 1345; x_wconf 88' lang='lat' dir='ltr'>legunt:</span> <span class='ocrx_word' id='word_1_83' title='bbox 1077 1267 1175 1351; x_wconf 79' lang='grc' dir='ltr'><strong>χωρὶς</strong></span> <span class='ocrx_word' id='word_1_84' title='bbox 1190 1260 1285 1335; x_wconf 81' lang='grc' dir='ltr'><strong>Θεοῦ;</strong></span> 
     </span>
     <span class='ocr_line' id='line_1_10' title="bbox 120 1367 1287 1453; baseline -0.003 -21"><span class='ocrx_word' id='word_1_85' title='bbox 120 1382 155 1432; x_wconf 92' lang='lat' dir='ltr'>ut</span> <span class='ocrx_word' id='word_1_86' title='bbox 170 1390 272 1432; x_wconf 87' lang='lat' dir='ltr'>seusus</span> <span class='ocrx_word' id='word_1_87' title='bbox 287 1369 340 1432; x_wconf 87' lang='lat' dir='ltr'>sit:</span> <span class='ocrx_word' id='word_1_88' title='bbox 365 1370 514 1434; x_wconf 81' lang='lat' dir='ltr'>Christum</span> <span class='ocrx_word' id='word_1_89' title='bbox 538 1391 590 1453; x_wconf 87' lang='lat' dir='ltr'>pro</span> <span class='ocrx_word' id='word_1_90' title='bbox 614 1373 748 1435; x_wconf 85' lang='lat' dir='ltr'>omnibus</span> <span class='ocrx_word' id='word_1_91' title='bbox 772 1382 891 1453; x_wconf 87' lang='lat' dir='ltr'>exeepto</span> <span class='ocrx_word' id='word_1_92' title='bbox 914 1373 975 1434; x_wconf 91' lang='lat' dir='ltr'>Deo</span> <span class='ocrx_word' id='word_1_93' title='bbox 1000 1379 1121 1433; x_wconf 83' lang='lat' dir='ltr'>mortem</span> <span class='ocrx_word' id='word_1_94' title='bbox 1146 1367 1287 1443; x_wconf 84' lang='lat' dir='ltr'>subiisse3</span> 
     </span>
     <span class='ocr_line' id='line_1_11' title="bbox 120 1475 1285 1564; baseline -0.003 -26"><span class='ocrx_word' id='word_1_95' title='bbox 120 1476 210 1538; x_wconf 88' lang='lat' dir='ltr'>simili</span> <span class='ocrx_word' id='word_1_96' title='bbox 226 1476 337 1538; x_wconf 86' lang='lat' dir='ltr'>ratione</span> <span class='ocrx_word' id='word_1_97' title='bbox 352 1478 501 1557; x_wconf 86' lang='lat' dir='ltr'>apostolus</span> <span class='ocrx_word' id='word_1_98' title='bbox 515 1479 539 1540; x_wconf 92' lang='lat'>1.</span> <span class='ocrx_word' id='word_1_99' title='bbox 555 1478 619 1541; x_wconf 81' lang='lat' dir='ltr'>Cor.</span> <span class='ocrx_word' id='word_1_100' title='bbox 634 1479 719 1563; x_wconf 86' lang='lat' dir='ltr'><strong>(XV.</strong></span> <span class='ocrx_word' id='word_1_101' title='bbox 737 1476 803 1564; x_wconf 82' lang='grc'><strong>27.)</strong></span> <span class='ocrx_word' id='word_1_102' title='bbox 820 1477 933 1541; x_wconf 86' lang='lat' dir='ltr'>soribit:</span> <span class='ocrx_word' id='word_1_103' title='bbox 956 1475 1064 1538; x_wconf 87' lang='lat' dir='ltr'>Omnia</span> <span class='ocrx_word' id='word_1_104' title='bbox 1085 1475 1201 1537; x_wconf 82' lang='lat' dir='ltr'>Christo</span> <span class='ocrx_word' id='word_1_105' title='bbox 1224 1491 1285 1534; x_wconf 85' lang='lat' dir='ltr'>esse</span> 
     </span>
     <span class='ocr_line' id='line_1_12' title="bbox 126 1580 1289 1665; baseline -0.002 -23"><span class='ocrx_word' id='word_1_106' title='bbox 126 1581 268 1655; x_wconf 64' lang='lat' dir='ltr'>subiecta,</span> <span class='ocrx_word' id='word_1_107' title='bbox 283 1593 397 1662; x_wconf 88' lang='lat' dir='ltr'>praeter</span> <span class='ocrx_word' id='word_1_108' title='bbox 411 1603 485 1658; x_wconf 87' lang='lat' dir='ltr'>eum,</span> <span class='ocrx_word' id='word_1_109' title='bbox 501 1585 550 1665; x_wconf 92' lang='lat' dir='ltr'>qui</span> <span class='ocrx_word' id='word_1_110' title='bbox 565 1585 686 1646; x_wconf 77' lang='lat' dir='ltr'>subiecit</span> <span class='ocrx_word' id='word_1_111' title='bbox 701 1585 726 1646; x_wconf 93' lang='lat' dir='ltr'>ei</span> <span class='ocrx_word' id='word_1_112' title='bbox 742 1583 847 1656; x_wconf 90' lang='lat' dir='ltr'>omnia,</span> <span class='ocrx_word' id='word_1_113' title='bbox 863 1584 881 1658; x_wconf 87' lang='lat' dir='ltr'>i,</span> <span class='ocrx_word' id='word_1_114' title='bbox 890 1603 915 1650; x_wconf 87' lang='lat' dir='ltr'>e.</span> <span class='ocrx_word' id='word_1_115' title='bbox 924 1592 1044 1663; x_wconf 85' lang='lat' dir='ltr'>exeepto</span> <span class='ocrx_word' id='word_1_116' title='bbox 1053 1583 1220 1646; x_wconf 89' lang='lat' dir='ltr'>DeoPatre.</span> <span class='ocrx_word' id='word_1_117' title='bbox 1244 1580 1289 1640; x_wconf 88' lang='lat' dir='ltr'>Do</span> 
     </span>
     <span class='ocr_line' id='line_1_13' title="bbox 119 1683 1286 1775; baseline -0.001 -27"><span class='ocrx_word' id='word_1_118' title='bbox 119 1687 175 1748; x_wconf 89' lang='lat' dir='ltr'>illa</span> <span class='ocrx_word' id='word_1_119' title='bbox 198 1686 318 1750; x_wconf 80' lang='lat' dir='ltr'>lectione</span> <span class='ocrx_word' id='word_1_120' title='bbox 343 1689 431 1750; x_wconf 89' lang='lat' dir='ltr'>etiam</span> <span class='ocrx_word' id='word_1_121' title='bbox 454 1689 566 1772; x_wconf 83' lang='lat' dir='ltr'>antiqui</span> <span class='ocrx_word' id='word_1_122' title='bbox 586 1691 689 1752; x_wconf 87' lang='lat' dir='ltr'>Patres</span> <span class='ocrx_word' id='word_1_123' title='bbox 713 1689 887 1775; x_wconf 74' lang='lat' dir='ltr'>(Origenes,</span> <span class='ocrx_word' id='word_1_124' title='bbox 911 1689 1093 1752; x_wconf 76' lang='lat' dir='ltr'>Theodorus</span> <span class='ocrx_word' id='word_1_125' title='bbox 1115 1683 1286 1766; x_wconf 65' lang='lat' dir='ltr'>Mopsum,</span> 
     </span>
     <span class='ocr_line' id='line_1_14' title="bbox 120 1789 1287 1880; baseline 0 -26"><span class='ocrx_word' id='word_1_126' title='bbox 120 1791 342 1876; x_wconf 79' lang='lat' dir='ltr'>Hieronymus</span> <span class='ocrx_word' id='word_1_127' title='bbox 357 1804 387 1856; x_wconf 94' lang='lat' dir='ltr'>et</span> <span class='ocrx_word' id='word_1_128' title='bbox 402 1793 466 1880; x_wconf 87' lang='lat' dir='ltr'>alii)</span> <span class='ocrx_word' id='word_1_129' title='bbox 490 1814 651 1858; x_wconf 87' lang='lat' dir='ltr'>sermonem</span> <span class='ocrx_word' id='word_1_130' title='bbox 666 1795 784 1861; x_wconf 77' lang='lat' dir='ltr'>fatiunt.</span> <span class='ocrx_word' id='word_1_131' title='bbox 814 1795 874 1856; x_wconf 88' lang='lat' dir='ltr'>Ast</span> <span class='ocrx_word' id='word_1_132' title='bbox 895 1813 960 1857; x_wconf 92' lang='lat' dir='ltr'>oum</span> <span class='ocrx_word' id='word_1_133' title='bbox 983 1791 1068 1854; x_wconf 85' lang='lat' dir='ltr'>leutio</span> <span class='ocrx_word' id='word_1_134' title='bbox 1091 1793 1187 1878; x_wconf 85' lang='grc' dir='ltr'><strong>χωρὶς</strong></span> <span class='ocrx_word' id='word_1_135' title='bbox 1209 1789 1287 1855; x_wconf 83' lang='grc' dir='ltr'>Θεοῦ</span> 
     </span>
     <span class='ocr_line' id='line_1_15' title="bbox 120 1893 1288 1982; baseline -0.004 -22"><span class='ocrx_word' id='word_1_136' title='bbox 120 1898 236 1960; x_wconf 91' lang='lat' dir='ltr'>nullum</span> <span class='ocrx_word' id='word_1_137' title='bbox 252 1902 442 1974; x_wconf 77' lang='lat' dir='ltr'>commodum,</span> <span class='ocrx_word' id='word_1_138' title='bbox 458 1902 516 1964; x_wconf 93' lang='lat' dir='ltr'>imo</span> <span class='ocrx_word' id='word_1_139' title='bbox 531 1901 666 1982; x_wconf 85' lang='lat' dir='ltr'>frigidum</span> <span class='ocrx_word' id='word_1_140' title='bbox 682 1921 796 1963; x_wconf 89' lang='lat' dir='ltr'>sensum</span> <span class='ocrx_word' id='word_1_141' title='bbox 814 1900 917 1982; x_wconf 75' lang='lat' dir='ltr'>pariat,</span> <span class='ocrx_word' id='word_1_142' title='bbox 933 1909 1033 1962; x_wconf 87' lang='lat' dir='ltr'>eontra</span> <span class='ocrx_word' id='word_1_143' title='bbox 1057 1897 1143 1960; x_wconf 83' lang='lat' dir='ltr'>lentio</span> <span class='ocrx_word' id='word_1_144' title='bbox 1158 1893 1288 1977; x_wconf 88' lang='lat' dir='ltr'>vulgaris</span> 
     </span>
     <span class='ocr_line' id='line_1_16' title="bbox 122 2002 1286 2091; baseline -0.007 -21"><span class='ocrx_word' id='word_1_145' title='bbox 122 2011 227 2090; x_wconf 79' lang='grc' dir='ltr'><strong>χάριτι</strong></span> <span class='ocrx_word' id='word_1_146' title='bbox 242 2003 320 2071; x_wconf 76' lang='grc' dir='ltr'><strong>Θεοῦ</strong></span> <span class='ocrx_word' id='word_1_147' title='bbox 335 2009 510 2086; x_wconf 85' lang='lat' dir='ltr'>optimorum</span> <span class='ocrx_word' id='word_1_148' title='bbox 525 2008 653 2071; x_wconf 87' lang='lat' dir='ltr'>oodieum</span> <span class='ocrx_word' id='word_1_149' title='bbox 669 2009 716 2091; x_wconf 64' lang='lat' dir='ltr'>(x,</span> <span class='ocrx_word' id='word_1_150' title='bbox 732 2007 771 2081; x_wconf 89' lang='lat' dir='ltr'>A,</span> <span class='ocrx_word' id='word_1_151' title='bbox 786 2008 821 2080; x_wconf 85' lang='lat' dir='ltr'>B,</span> <span class='ocrx_word' id='word_1_152' title='bbox 837 2005 873 2077; x_wconf 81' lang='grc' dir='ltr'>Ο,</span> <span class='ocrx_word' id='word_1_153' title='bbox 889 2007 927 2080; x_wconf 91' lang='lat' dir='ltr'>D,</span> <span class='ocrx_word' id='word_1_154' title='bbox 942 2007 977 2078; x_wconf 72' lang='lat' dir='ltr'>rt</span> <span class='ocrx_word' id='word_1_155' title='bbox 993 2006 1032 2079; x_wconf 86' lang='lat' dir='ltr'>K,</span> <span class='ocrx_word' id='word_1_156' title='bbox 1047 2006 1083 2078; x_wconf 87' lang='lat' dir='ltr'>L,</span> <span class='ocrx_word' id='word_1_157' title='bbox 1098 2002 1150 2087; x_wconf 82' lang='lat' dir='ltr'>al.)</span> <span class='ocrx_word' id='word_1_158' title='bbox 1175 2012 1205 2065; x_wconf 90' lang='lat' dir='ltr'>et</span> <span class='ocrx_word' id='word_1_159' title='bbox 1219 2019 1286 2062; x_wconf 88' lang='lat' dir='ltr'>ver-</span> 
     </span>
     <span class='ocr_line' id='line_1_17' title="bbox 120 2108 1285 2196; baseline -0.002 -26"><span class='ocrx_word' id='word_1_160' title='bbox 120 2109 237 2172; x_wconf 87' lang='lat' dir='ltr'>sionum</span> <span class='ocrx_word' id='word_1_161' title='bbox 253 2112 311 2172; x_wconf 85' lang='lat' dir='ltr'>lore</span> <span class='ocrx_word' id='word_1_162' title='bbox 325 2111 455 2175; x_wconf 87' lang='lat' dir='ltr'>omnium</span> <span class='ocrx_word' id='word_1_163' title='bbox 471 2114 527 2176; x_wconf 78' lang='lat' dir='ltr'>fitia</span> <span class='ocrx_word' id='word_1_164' title='bbox 542 2123 571 2176; x_wconf 89' lang='lat' dir='ltr'>et</span> <span class='ocrx_word' id='word_1_165' title='bbox 585 2113 728 2196; x_wconf 84' lang='lat' dir='ltr'>praesidio</span> <span class='ocrx_word' id='word_1_166' title='bbox 742 2115 864 2187; x_wconf 84' lang='lat' dir='ltr'>munita,</span> <span class='ocrx_word' id='word_1_167' title='bbox 879 2121 909 2174; x_wconf 90' lang='lat' dir='ltr'>et</span> <span class='ocrx_word' id='word_1_168' title='bbox 923 2121 1059 2176; x_wconf 81' lang='lat' dir='ltr'>eontexto</span> <span class='ocrx_word' id='word_1_169' title='bbox 1075 2108 1198 2174; x_wconf 84' lang='lat' dir='ltr'>sermoni</span> <span class='ocrx_word' id='word_1_170' title='bbox 1212 2125 1285 2188; x_wconf 87' lang='lat' dir='ltr'>apo-</span> 
     </span>
     <span class='ocr_line' id='line_1_18' title="bbox 125 2211 1286 2298; baseline -0.002 -22"><span class='ocrx_word' id='word_1_171' title='bbox 125 2215 323 2298; x_wconf 82' lang='lat' dir='ltr'>stolorumque</span> <span class='ocrx_word' id='word_1_172' title='bbox 338 2219 492 2292; x_wconf 72' lang='lat' dir='ltr'>doetrinae</span> <span class='ocrx_word' id='word_1_173' title='bbox 507 2218 615 2282; x_wconf 80' lang='lat' dir='ltr'>Christi</span> <span class='ocrx_word' id='word_1_174' title='bbox 639 2229 761 2283; x_wconf 85' lang='lat' dir='ltr'>mortem</span> <span class='ocrx_word' id='word_1_175' title='bbox 787 2218 953 2282; x_wconf 87' lang='lat' dir='ltr'>homiuibus</span> <span class='ocrx_word' id='word_1_176' title='bbox 975 2218 1134 2282; x_wconf 83' lang='lat' dir='ltr'>salutarem</span> <span class='ocrx_word' id='word_1_177' title='bbox 1153 2211 1286 2294; x_wconf 88' lang='lat' dir='ltr'>benigni-</span> 
     </span>
     <span class='ocr_line' id='line_1_19' title="bbox 122 2318 1285 2407; baseline 0.001 -26"><span class='ocrx_word' id='word_1_178' title='bbox 122 2321 177 2382; x_wconf 87' lang='lat' dir='ltr'>tati</span> <span class='ocrx_word' id='word_1_179' title='bbox 203 2322 319 2384; x_wconf 88' lang='lat' dir='ltr'>diviuae</span> <span class='ocrx_word' id='word_1_180' title='bbox 344 2343 406 2386; x_wconf 83' lang='lat' dir='ltr'>esse</span> <span class='ocrx_word' id='word_1_181' title='bbox 430 2323 623 2400; x_wconf 81' lang='lat' dir='ltr'>tribuendam,</span> <span class='ocrx_word' id='word_1_182' title='bbox 654 2325 715 2407; x_wconf 77' lang='lat' dir='ltr'>(oft.</span> <span class='ocrx_word' id='word_1_183' title='bbox 740 2325 787 2390; x_wconf 86' lang='lat' dir='ltr'>Jo.</span> <span class='ocrx_word' id='word_1_184' title='bbox 810 2327 864 2387; x_wconf 91' lang='grc' dir='ltr'>ΠΙ.</span> <span class='ocrx_word' id='word_1_185' title='bbox 891 2325 956 2399; x_wconf 89' lang='grc'><strong>16.;</strong></span> <span class='ocrx_word' id='word_1_186' title='bbox 978 2324 1066 2386; x_wconf 85' lang='lat' dir='ltr'>Rom.</span> <span class='ocrx_word' id='word_1_187' title='bbox 1088 2323 1129 2390; x_wconf 91' lang='lat' dir='ltr'>V.</span> <span class='ocrx_word' id='word_1_188' title='bbox 1145 2318 1189 2407; x_wconf 89' lang='lat'>8.)</span> <span class='ocrx_word' id='word_1_189' title='bbox 1215 2338 1285 2382; x_wconf 89' lang='lat' dir='ltr'>oon-</span> 
     </span>
    </p>
   </div>
   <div class='ocr_carea' id='block_1_4' title="bbox 131 2426 1390 2519">
    <p class='ocr_par' dir='ltr' id='par_1_4' title="bbox 131 2426 1390 2519">
     <span class='ocr_line' id='line_1_20' title="bbox 131 2426 1390 2519; baseline -0.001 -32"><span class='ocrx_word' id='word_1_190' title='bbox 131 2426 350 2490; x_wconf 85' lang='lat' dir='ltr'>veuieutissimu</span> <span class='ocrx_word' id='word_1_191' title='bbox 373 2430 425 2491; x_wconf 91' lang='lat' dir='ltr'>sit:</span> <span class='ocrx_word' id='word_1_192' title='bbox 448 2432 520 2493; x_wconf 77' lang='lat' dir='ltr'>liaeo</span> <span class='ocrx_word' id='word_1_193' title='bbox 543 2431 605 2512; x_wconf 84' lang='lat' dir='ltr'>ipsa</span> <span class='ocrx_word' id='word_1_194' title='bbox 620 2431 719 2497; x_wconf 83' lang='lat' dir='ltr'>leutio:</span> <span class='ocrx_word' id='word_1_195' title='bbox 741 2439 844 2519; x_wconf 76' lang='grc' dir='ltr'><strong>χάριτι</strong></span> <span class='ocrx_word' id='word_1_196' title='bbox 858 2430 936 2497; x_wconf 79' lang='grc' dir='ltr'><strong>Θεοῦ</strong></span> <span class='ocrx_word' id='word_1_197' title='bbox 956 2447 1026 2492; x_wconf 85' lang='lat' dir='ltr'>vera</span> <span class='ocrx_word' id='word_1_198' title='bbox 1047 2439 1077 2491; x_wconf 87' lang='lat' dir='ltr'>et</span> <span class='ocrx_word' id='word_1_199' title='bbox 1091 2428 1214 2510; x_wconf 89' lang='lat' dir='ltr'>genuina</span> <span class='ocrx_word' id='word_1_200' title='bbox 1229 2426 1286 2486; x_wconf 88' lang='lat' dir='ltr'>ha·</span> <span class='ocrx_word' id='word_1_201' title='bbox 1385 2449 1390 2457; x_wconf 95' lang='lat'>·</span> 
     </span>
    </p>
   </div>
   <div class='ocr_carea' id='block_1_5' title="bbox 121 2530 1285 3044">
    <p class='ocr_par' dir='ltr' id='par_1_5' title="bbox 121 2530 1285 3044">
     <span class='ocr_line' id='line_1_21' title="bbox 128 2530 1285 2618; baseline 0.003 -25"><span class='ocrx_word' id='word_1_202' title='bbox 128 2533 233 2606; x_wconf 84' lang='lat' dir='ltr'>banda,</span> <span class='ocrx_word' id='word_1_203' title='bbox 255 2543 285 2595; x_wconf 88' lang='lat' dir='ltr'>et</span> <span class='ocrx_word' id='word_1_204' title='bbox 306 2530 509 2601; x_wconf 65' lang='lat' dir='ltr'>Gniesbueht’o</span> <span class='ocrx_word' id='word_1_205' title='bbox 531 2538 769 2618; x_wconf 89' lang='lat' dir='ltr'>adstipulandum</span> <span class='ocrx_word' id='word_1_206' title='bbox 792 2547 845 2612; x_wconf 79' lang='lat' dir='ltr'>est</span> <span class='ocrx_word' id='word_1_207' title='bbox 867 2536 916 2618; x_wconf 92' lang='lat' dir='ltr'>qui</span> <span class='ocrx_word' id='word_1_208' title='bbox 937 2535 1060 2608; x_wconf 85' lang='lat' dir='ltr'>ooniieit,</span> <span class='ocrx_word' id='word_1_209' title='bbox 1080 2535 1170 2596; x_wconf 87' lang='lat' dir='ltr'>verba</span> <span class='ocrx_word' id='word_1_210' title='bbox 1188 2533 1285 2618; x_wconf 78' lang='grc' dir='ltr'><strong>χωρὶς</strong></span> 
     </span>
     <span class='ocr_line' id='line_1_22' title="bbox 122 2635 1284 2726; baseline -0.004 -24"><span class='ocrx_word' id='word_1_211' title='bbox 122 2637 200 2703; x_wconf 75' lang='grc' dir='ltr'><strong>Θεοῦ</strong></span> <span class='ocrx_word' id='word_1_212' title='bbox 215 2640 255 2700; x_wconf 88' lang='lat' dir='ltr'>ab</span> <span class='ocrx_word' id='word_1_213' title='bbox 270 2639 390 2720; x_wconf 85' lang='lat' dir='ltr'>antiquo</span> <span class='ocrx_word' id='word_1_214' title='bbox 405 2643 530 2722; x_wconf 88' lang='lat' dir='ltr'>quodam</span> <span class='ocrx_word' id='word_1_215' title='bbox 545 2643 740 2723; x_wconf 81' lang='lat' dir='ltr'>grammatino,</span> <span class='ocrx_word' id='word_1_216' title='bbox 755 2643 805 2724; x_wconf 87' lang='lat' dir='ltr'>qui</span> <span class='ocrx_word' id='word_1_217' title='bbox 820 2642 874 2705; x_wconf 94' lang='lat' dir='ltr'>looi</span> <span class='ocrx_word' id='word_1_218' title='bbox 889 2644 912 2703; x_wconf 90' lang='lat'>1.</span> <span class='ocrx_word' id='word_1_219' title='bbox 929 2641 992 2704; x_wconf 84' lang='lat' dir='ltr'>Gor.</span> <span class='ocrx_word' id='word_1_220' title='bbox 1008 2640 1094 2726; x_wconf 87' lang='lat' dir='ltr'>(XV.</span> <span class='ocrx_word' id='word_1_221' title='bbox 1110 2635 1175 2721; x_wconf 75' lang='lat'><strong>27.)</strong></span> <span class='ocrx_word' id='word_1_222' title='bbox 1190 2653 1284 2700; x_wconf 83' lang='lat' dir='ltr'>reeor-</span> 
     </span>
     <span class='ocr_line' id='line_1_23' title="bbox 121 2741 1283 2830; baseline -0.002 -25"><span class='ocrx_word' id='word_1_223' title='bbox 121 2745 210 2806; x_wconf 89' lang='lat' dir='ltr'>datus</span> <span class='ocrx_word' id='word_1_224' title='bbox 224 2743 272 2820; x_wconf 83' lang='lat' dir='ltr'>sit,</span> <span class='ocrx_word' id='word_1_225' title='bbox 295 2745 325 2807; x_wconf 91' lang='lat' dir='ltr'>in</span> <span class='ocrx_word' id='word_1_226' title='bbox 347 2747 475 2827; x_wconf 84' lang='lat' dir='ltr'>margine</span> <span class='ocrx_word' id='word_1_227' title='bbox 498 2750 536 2810; x_wconf 88' lang='lat' dir='ltr'>ad</span> <span class='ocrx_word' id='word_1_228' title='bbox 558 2768 586 2810; x_wconf 88' lang='lat' dir='ltr'>v.</span> <span class='ocrx_word' id='word_1_229' title='bbox 602 2751 631 2814; x_wconf 85' lang='lat'>8.</span> <span class='ocrx_word' id='word_1_230' title='bbox 653 2749 801 2830; x_wconf 80' lang='lat' dir='ltr'>adscripta</span> <span class='ocrx_word' id='word_1_231' title='bbox 823 2748 919 2822; x_wconf 75' lang='lat' dir='ltr'>finisse,</span> <span class='ocrx_word' id='word_1_232' title='bbox 942 2767 1032 2828; x_wconf 80' lang='lat' dir='ltr'>eoque</span> <span class='ocrx_word' id='word_1_233' title='bbox 1054 2743 1212 2815; x_wconf 85' lang='lat' dir='ltr'>librarium,</span> <span class='ocrx_word' id='word_1_234' title='bbox 1234 2741 1283 2823; x_wconf 89' lang='lat' dir='ltr'>qui</span> 
     </span>
     <span class='ocr_line' id='line_1_24' title="bbox 123 2847 1284 2940; baseline -0.001 -29"><span class='ocrx_word' id='word_1_235' title='bbox 123 2851 242 2929; x_wconf 84' lang='lat' dir='ltr'>putarit,</span> <span class='ocrx_word' id='word_1_236' title='bbox 265 2851 341 2914; x_wconf 87' lang='lat' dir='ltr'>haue</span> <span class='ocrx_word' id='word_1_237' title='bbox 355 2863 456 2915; x_wconf 88' lang='lat' dir='ltr'>notam</span> <span class='ocrx_word' id='word_1_238' title='bbox 471 2853 501 2915; x_wconf 91' lang='lat' dir='ltr'>in</span> <span class='ocrx_word' id='word_1_239' title='bbox 516 2855 645 2934; x_wconf 81' lang='lat' dir='ltr'>margine</span> <span class='ocrx_word' id='word_1_240' title='bbox 660 2855 784 2936; x_wconf 88' lang='lat' dir='ltr'>positam</span> <span class='ocrx_word' id='word_1_241' title='bbox 801 2874 863 2916; x_wconf 86' lang='lat' dir='ltr'>esse</span> <span class='ocrx_word' id='word_1_242' title='bbox 878 2855 1030 2916; x_wconf 88' lang='lat' dir='ltr'>verborum</span> <span class='ocrx_word' id='word_1_243' title='bbox 1045 2858 1148 2940; x_wconf 79' lang='grc' dir='ltr'><strong>χάριτι</strong></span> <span class='ocrx_word' id='word_1_244' title='bbox 1163 2847 1239 2914; x_wconf 82' lang='grc' dir='ltr'><strong>Θεοῦ</strong></span> <span class='ocrx_word' id='word_1_245' title='bbox 1255 2847 1284 2910; x_wconf 92' lang='lat' dir='ltr'>iu</span> 
     </span>
     <span class='ocr_line' id='line_1_25' title="bbox 122 2953 1285 3044; baseline 0.004 -30"><span class='ocrx_word' id='word_1_246' title='bbox 122 2974 150 3018; x_wconf 89' lang='lat' dir='ltr'>v.</span> <span class='ocrx_word' id='word_1_247' title='bbox 165 2957 195 3020; x_wconf 88' lang='grc'>9.</span> <span class='ocrx_word' id='word_1_248' title='bbox 212 2957 421 3032; x_wconf 81' lang='lat' dir='ltr'>annectionem,</span> <span class='ocrx_word' id='word_1_249' title='bbox 436 2959 466 3020; x_wconf 90' lang='lat' dir='ltr'>iu</span> <span class='ocrx_word' id='word_1_250' title='bbox 481 2959 610 3022; x_wconf 86' lang='lat' dir='ltr'>ordinem</span> <span class='ocrx_word' id='word_1_251' title='bbox 624 2957 846 3044; x_wconf 85' lang='lat' dir='ltr'>transtulisse.¹)</span> <span class='ocrx_word' id='word_1_252' title='bbox 857 2995 898 3006; x_wconf 90' lang='lat'>—</span> <span class='ocrx_word' id='word_1_253' title='bbox 908 2959 958 3020; x_wconf 92' lang='lat' dir='ltr'>Ad</span> <span class='ocrx_word' id='word_1_254' title='bbox 973 2977 1072 3020; x_wconf 87' lang='lat' dir='ltr'>vooem</span> <span class='ocrx_word' id='word_1_255' title='bbox 1087 2953 1163 3042; x_wconf 80' lang='grc' dir='ltr'><strong>ῦπὲρ</strong></span> <span class='ocrx_word' id='word_1_256' title='bbox 1176 2960 1285 3021; x_wconf 73' lang='grc' dir='ltr'>παντός</span> 
     </span>
    </p>
   </div>
   <div class='ocr_carea' id='block_1_6' title="bbox 121 3059 1284 3232">
    <p class='ocr_par' dir='ltr' id='par_1_6' title="bbox 121 3059 1284 3232">
     <span class='ocr_line' id='line_1_26' title="bbox 122 3059 1284 3152; baseline 0 -31"><span class='ocrx_word' id='word_1_257' title='bbox 122 3060 399 3142; x_wconf 85' lang='lat' dir='ltr'>subintelligendum</span> <span class='ocrx_word' id='word_1_258' title='bbox 421 3075 466 3127; x_wconf 91' lang='lat' dir='ltr'>est</span> <span class='ocrx_word' id='word_1_259' title='bbox 488 3065 669 3152; x_wconf 69' lang='grc' dir='ltr'><strong>ἀνθρώπους</strong></span> <span class='ocrx_word' id='word_1_260' title='bbox 698 3067 765 3128; x_wconf 83' lang='grc' dir='ltr'>ῦίοο</span> <span class='ocrx_word' id='word_1_261' title='bbox 787 3064 876 3128; x_wconf 84' lang='lat' dir='ltr'>etiam</span> <span class='ocrx_word' id='word_1_262' title='bbox 898 3064 989 3146; x_wconf 87' lang='lat' dir='ltr'>Syrus</span> <span class='ocrx_word' id='word_1_263' title='bbox 1009 3063 1111 3126; x_wconf 86' lang='lat' dir='ltr'>vertit:</span> <span class='ocrx_word' id='word_1_264' title='bbox 1134 3080 1186 3144; x_wconf 86' lang='lat' dir='ltr'>pro</span> <span class='ocrx_word' id='word_1_265' title='bbox 1206 3059 1284 3124; x_wconf 89' lang='lat' dir='ltr'>omui</span> 
     </span>
     <span class='ocr_line' id='line_1_27' title="bbox 121 3164 334 3232; baseline -0.028 -4"><span class='ocrx_word' id='word_1_266' title='bbox 121 3164 247 3232; x_wconf 86' lang='lat' dir='ltr'>homino.</span> <span class='ocrx_word' id='word_1_267' title='bbox 328 3211 334 3222; x_wconf 89' lang='lat'><em>.</em></span> 
     </span>
    </p>
   </div>
   <div class='ocr_carea' id='block_1_7' title="bbox 531 3311 877 3536">
    <p class='ocr_par' dir='ltr' id='par_1_7' title="bbox 531 3311 877 3536">
     <span class='ocr_line' id='line_1_28' title="bbox 531 3311 877 3395; baseline 0.012 -21"><span class='ocrx_word' id='word_1_268' title='bbox 531 3311 877 3395; x_wconf 79' lang='lat' dir='ltr'>Paraphraris.</span> 
     </span>
     <span class='ocr_line' id='line_1_29' title="bbox 549 3453 853 3536; baseline 0.003 -20"><span class='ocrx_word' id='word_1_269' title='bbox 549 3453 853 3536; x_wconf 65' lang='lat' dir='ltr'>construo-9.</span> 
     </span>
    </p>
   </div>
   <div class='ocr_carea' id='block_1_8' title="bbox 121 3591 1361 4207">
    <p class='ocr_par' dir='ltr' id='par_1_8' title="bbox 121 3591 1361 4207">
     <span class='ocr_line' id='line_1_30' title="bbox 208 3591 1361 3676; baseline 0.002 -24"><span class='ocrx_word' id='word_1_270' title='bbox 208 3591 276 3653; x_wconf 89' lang='lat' dir='ltr'>Nou</span> <span class='ocrx_word' id='word_1_271' title='bbox 292 3593 368 3653; x_wconf 90' lang='lat' dir='ltr'>enim</span> <span class='ocrx_word' id='word_1_272' title='bbox 383 3594 494 3673; x_wconf 87' lang='lat' dir='ltr'>angelis</span> <span class='ocrx_word' id='word_1_273' title='bbox 509 3613 616 3657; x_wconf 87' lang='lat' dir='ltr'>novam</span> <span class='ocrx_word' id='word_1_274' title='bbox 630 3595 989 3676; x_wconf 82' lang='lat' dir='ltr'>religionisoeoonomiam,</span> <span class='ocrx_word' id='word_1_275' title='bbox 1005 3598 1041 3657; x_wconf 88' lang='lat' dir='ltr'>de</span> <span class='ocrx_word' id='word_1_276' title='bbox 1050 3616 1109 3676; x_wconf 88' lang='lat' dir='ltr'>qna</span> <span class='ocrx_word' id='word_1_277' title='bbox 1123 3611 1283 3656; x_wconf 86' lang='lat' dir='ltr'>sermonem</span> <span class='ocrx_word' id='word_1_278' title='bbox 1359 3647 1361 3654; x_wconf 93' lang='lat'><em>.</em></span> 
     </span>
     <span class='ocr_line' id='line_1_31' title="bbox 121 3697 1284 3782; baseline -0.001 -22"><span class='ocrx_word' id='word_1_279' title='bbox 121 3697 250 3771; x_wconf 79' lang='lat' dir='ltr'>lauimus,</span> <span class='ocrx_word' id='word_1_280' title='bbox 275 3699 482 3764; x_wconf 83' lang='lat' dir='ltr'>subiiciendam</span> <span class='ocrx_word' id='word_1_281' title='bbox 504 3702 583 3762; x_wconf 90' lang='lat' dir='ltr'>Deus</span> <span class='ocrx_word' id='word_1_282' title='bbox 605 3704 745 3782; x_wconf 87' lang='lat' dir='ltr'>promisit,</span> <span class='ocrx_word' id='word_1_283' title='bbox 768 3705 818 3764; x_wconf 90' lang='lat' dir='ltr'>sed</span> <span class='ocrx_word' id='word_1_284' title='bbox 840 3702 926 3764; x_wconf 80' lang='lat' dir='ltr'>Filio.</span> <span class='ocrx_word' id='word_1_285' title='bbox 965 3700 1046 3764; x_wconf 84' lang='lat' dir='ltr'>Satis</span> <span class='ocrx_word' id='word_1_286' title='bbox 1067 3709 1152 3763; x_wconf 89' lang='lat' dir='ltr'>notus</span> <span class='ocrx_word' id='word_1_287' title='bbox 1176 3711 1205 3761; x_wconf 90' lang='lat' dir='ltr'>et</span> <span class='ocrx_word' id='word_1_288' title='bbox 1229 3700 1284 3760; x_wconf 85' lang='lat' dir='ltr'>lide</span> 
     </span>
     <span class='ocr_line' id='line_1_32' title="bbox 122 3803 1284 3890; baseline 0.002 -27"><span class='ocrx_word' id='word_1_289' title='bbox 122 3803 225 3884; x_wconf 87' lang='lat' dir='ltr'>diguus</span> <span class='ocrx_word' id='word_1_290' title='bbox 239 3813 330 3878; x_wconf 88' lang='lat' dir='ltr'>vates,</span> <span class='ocrx_word' id='word_1_291' title='bbox 347 3804 475 3868; x_wconf 77' lang='lat' dir='ltr'>Derides</span> <span class='ocrx_word' id='word_1_292' title='bbox 490 3806 606 3881; x_wconf 69' lang='lat' dir='ltr'>scilieet,</span> <span class='ocrx_word' id='word_1_293' title='bbox 621 3808 683 3871; x_wconf 88' lang='lat' dir='ltr'>loeo</span> <span class='ocrx_word' id='word_1_294' title='bbox 692 3811 771 3890; x_wconf 88' lang='lat' dir='ltr'>apud</span> <span class='ocrx_word' id='word_1_295' title='bbox 781 3827 881 3870; x_wconf 87' lang='lat' dir='ltr'>omnes</span> <span class='ocrx_word' id='word_1_296' title='bbox 892 3808 1062 3889; x_wconf 87' lang='lat' dir='ltr'>pervulgato</span> <span class='ocrx_word' id='word_1_297' title='bbox 1071 3807 1180 3868; x_wconf 77' lang='lat' dir='ltr'>scribit:</span> <span class='ocrx_word' id='word_1_298' title='bbox 1201 3806 1284 3880; x_wconf 80' lang='lat' dir='ltr'>„Do-</span> 
     </span>
     <span class='ocr_line' id='line_1_33' title="bbox 121 3909 1283 3993; baseline 0.002 -24"><span class='ocrx_word' id='word_1_299' title='bbox 121 3909 195 3970; x_wconf 88' lang='lat' dir='ltr'>mine</span> <span class='ocrx_word' id='word_1_300' title='bbox 210 3911 298 3982; x_wconf 88' lang='lat' dir='ltr'>Deus,</span> <span class='ocrx_word' id='word_1_301' title='bbox 314 3909 387 3990; x_wconf 87' lang='lat' dir='ltr'>quid</span> <span class='ocrx_word' id='word_1_302' title='bbox 403 3920 448 3972; x_wconf 86' lang='lat' dir='ltr'>est</span> <span class='ocrx_word' id='word_1_303' title='bbox 464 3913 561 3987; x_wconf 90' lang='lat' dir='ltr'>homo,</span> <span class='ocrx_word' id='word_1_304' title='bbox 583 3915 659 3993; x_wconf 81' lang='lat' dir='ltr'>quo&#39;d</span> <span class='ocrx_word' id='word_1_305' title='bbox 675 3924 716 3976; x_wconf 91' lang='lat' dir='ltr'>tu·</span> <span class='ocrx_word' id='word_1_306' title='bbox 728 3913 809 3976; x_wconf 90' lang='lat' dir='ltr'>illius</span> <span class='ocrx_word' id='word_1_307' title='bbox 823 3913 964 3976; x_wconf 87' lang='lat' dir='ltr'>rationem</span> <span class='ocrx_word' id='word_1_308' title='bbox 986 3923 1016 3974; x_wconf 91' lang='lat' dir='ltr'>ot</span> <span class='ocrx_word' id='word_1_309' title='bbox 1036 3929 1135 3975; x_wconf 86' lang='lat' dir='ltr'>euram</span> <span class='ocrx_word' id='word_1_310' title='bbox 1157 3912 1283 3982; x_wconf 80' lang='lat' dir='ltr'>habeas3</span> 
     </span>
     <span class='ocr_line' id='line_1_34' title="bbox 121 4014 1285 4101; baseline 0.001 -25"><span class='ocrx_word' id='word_1_311' title='bbox 121 4014 190 4095; x_wconf 89' lang='lat' dir='ltr'>quid</span> <span class='ocrx_word' id='word_1_312' title='bbox 206 4017 362 4078; x_wconf 85' lang='lat' dir='ltr'>esthomo</span> <span class='ocrx_word' id='word_1_313' title='bbox 386 4037 423 4078; x_wconf 86' lang='lat' dir='ltr'>ex</span> <span class='ocrx_word' id='word_1_314' title='bbox 447 4017 564 4080; x_wconf 86' lang='lat' dir='ltr'>homine</span> <span class='ocrx_word' id='word_1_315' title='bbox 586 4029 682 4094; x_wconf 84' lang='lat' dir='ltr'>natus,</span> <span class='ocrx_word' id='word_1_316' title='bbox 704 4021 781 4101; x_wconf 86' lang='lat' dir='ltr'>quod</span> <span class='ocrx_word' id='word_1_317' title='bbox 803 4039 868 4082; x_wconf 90' lang='lat' dir='ltr'>eum</span> <span class='ocrx_word' id='word_1_318' title='bbox 891 4019 1089 4082; x_wconf 85' lang='lat' dir='ltr'>benifioeotiae</span> <span class='ocrx_word' id='word_1_319' title='bbox 1110 4028 1178 4080; x_wconf 86' lang='lat' dir='ltr'>tuae</span> <span class='ocrx_word' id='word_1_320' title='bbox 1202 4015 1285 4078; x_wconf 88' lang='lat' dir='ltr'>donis</span> 
     </span>
     <span class='ocr_line' id='line_1_35' title="bbox 124 4120 1286 4207; baseline 0.004 -26"><span class='ocrx_word' id='word_1_321' title='bbox 124 4120 223 4182; x_wconf 87' lang='lat' dir='ltr'>multis</span> <span class='ocrx_word' id='word_1_322' title='bbox 239 4121 408 4202; x_wconf 76' lang='lat' dir='ltr'>magnisque</span> <span class='ocrx_word' id='word_1_323' title='bbox 422 4125 526 4186; x_wconf 82' lang='lat' dir='ltr'>omes?</span> <span class='ocrx_word' id='word_1_324' title='bbox 547 4125 603 4188; x_wconf 89' lang='lat' dir='ltr'>Per</span> <span class='ocrx_word' id='word_1_325' title='bbox 618 4128 704 4188; x_wconf 87' lang='lat' dir='ltr'>breve</span> <span class='ocrx_word' id='word_1_326' title='bbox 719 4127 836 4206; x_wconf 85' lang='lat' dir='ltr'>quidem</span> <span class='ocrx_word' id='word_1_327' title='bbox 858 4135 973 4207; x_wconf 83' lang='lat' dir='ltr'>tempus</span> <span class='ocrx_word' id='word_1_328' title='bbox 994 4123 1154 4187; x_wconf 83' lang='lat' dir='ltr'>inferiorem</span> <span class='ocrx_word' id='word_1_329' title='bbox 1175 4123 1286 4207; x_wconf 85' lang='lat' dir='ltr'>angelis</span> 
     </span>
    </p>
   </div>
   <div class='ocr_carea' id='block_1_9' title="bbox 105 4321 775 4399">
    <p class='ocr_par' dir='ltr' id='par_1_9' title="bbox 105 4321 775 4399">
     <span class='ocr_line' id='line_1_36' title="bbox 105 4321 775 4399; baseline 0.006 -17"><span class='ocrx_word' id='word_1_330' title='bbox 105 4321 109 4334; x_wconf 89' lang='lat'><em>&#39;</em></span> <span class='ocrx_word' id='word_1_331' title='bbox 209 4329 661 4399; x_wconf 52' lang='lat' dir='ltr'>attaminans&amp;</span> <span class='ocrx_word' id='word_1_332' title='bbox 772 4380 775 4386; x_wconf 90' lang='lat'>.</span> 
     </span>
    </p>
   </div>
   <div class='ocr_carea' id='block_1_10' title="bbox 0 0 1560 4892">
    <p class='ocr_par' dir='ltr' id='par_1_10' title="bbox 0 0 1560 4892">
     <span class='ocr_line' id='line_1_37' title="bbox 0 0 1560 4892; baseline 0 0"><span class='ocrx_word' id='word_1_333' title='bbox 0 0 1560 4892; x_wconf 95' lang='lat' dir='ltr'> </span> 
     </span>
    </p>
   </div>
  </div>
 </body>
</html>
