3064 4894
538 319 663 384 Expositis
681 319 727 370 111.
749 317 790 370 14.
811 318 852 368 15.
1210 370 1213 375 ,
1237 320 1280 388 75

106 500 293 574 aoolamatur,
309 499 327 564 i.
343 520 367 560 e.
385 497 527 579 quamdiu
544 497 627 562 vobis
642 497 685 560 illi
701 496 906 571 exhortationi,
928 518 1003 578 quae
1018 497 1048 560 in
1063 498 1177 579 psalmo
1192 496 1281 562 uitato

108 605 221 687 legitur,
236 624 321 668 aures
336 605 475 686 praehere
491 603 574 682 lioet;
590 605 721 686 adeoque
736 604 875 685 quamdiu
890 603 998 666 vivitis.
1022 603 1184 685 Apostolus
1199 614 1282 687 urget

106 713 190 787 illud,
205 713 282 794 quod
297 713 405 780 dictum
425 721 473 774 ost
487 711 517 774 in
532 712 662 794 psalmo:
677 710 773 774 Hodie
783 713 807 773 si
817 731 916 774 vooem
926 709 1159 786 eiusaudieritis3
1175 731 1280 794 quam-

106 819 157 882 diu
166 819 243 882 enim
253 818 390 892 vivimus,
407 828 452 880 est
467 818 560 890 hodie,
577 818 715 900 quamdiu
732 818 797 882 lieet
812 817 920 894 audire,
935 820 1056 892 eredere,
1079 819 1214 896 oonverti,
1237 827 1282 882 est

107 927 202 988 hodie.
218 961 262 972 -
277 923 409 1014 ἁμαρτία
424 927 454 990 h.
470 925 489 988 l.
512 925 621 990 indioat
646 926 834 988 delectionem
849 945 868 990 a
889 925 1025 1006 religione
1045 926 1219 1002 christiana3
1243 937 1280 1012 τγγ

108 1033 241 1120 ἁμαρτία
256 1033 393 1096 tribuitur
408 1047 558 1114 tamquam
576 1051 714 1114 personae
731 1032 841 1120 ἀπάτη,
865 1034 952 1108 fraus,
968 1032 1094 1096 fallacia
1123 1033 1281 1098 Familiare

108 1140 265 1221 Scripturis
280 1149 325 1202 est
341 1137 493 1224 (observat
508 1136 649 1225 Esls‘sss),
666 1149 699 1202 ut
714 1149 864 1220 peecatum
881 1159 933 1202 seu
955 1139 1187 1221 oonoupisoentia
1199 1139 1280 1204 disa-

108 1257 158 1309 tur
173 1247 304 1310 homiues
318 1248 460 1320 seducere,
476 1245 605 1328 decipere
620 1246 766 1310 etillioere
783 1243 831 1332 (ut
839 1247 926 1312 Rom
941 1247 1012 1309 Vll.
1031 1247 1096 1324 ll.;
1111 1247 1157 1314 Jo.
1172 1248 1195 1308 Ι.
1207 1243 1279 1331 14.).

108 1355 144 1416 ld
160 1363 259 1416 autem
274 1353 377 1417 dieitur
394 1372 445 1435 per
472 1355 620 1434 quandam
648 1373 885 1437 prosopopoeam,
907 1361 1050 1435 quatenus
1071 1356 1158 1418 homo
1175 1364 1275 1418 teuta-

112 1461 194 1528 tione
217 1461 325 1543 aliqua,
348 1461 429 1524 velut
451 1459 584 1524 suasione
605 1460 778 1524 sollioitntus
800 1471 830 1524 et
849 1460 984 1524 induotus
999 1471 1116 1543 pensato
1138 1462 1279 1526 eonsentit

108 1568 193 1650 quasi
208 1570 248 1630 ab
263 1567 326 1650 ipso
341 1577 458 1650 pensato
473 1585 636 1650 persuasus.

200 1695 228 1742 ν.
248 1675 297 1740 14.
313 1671 452 1762 Μέτοχοι
466 1678 525 1759 γάρ
548 1685 601 1740 τοῦ
618 1673 750 1759 Χριστοῦ
773 1680 944 1761 γεγόναμεν,
969 1673 1078 1760 ἐάνπερ
1103 1681 1157 1762 τὴν
1178 1674 1292 1763 ἀρχὴν4

109 1795 165 1870 τῆς
182 1778 375 1855 ὑποστάσεως
391 1787 483 1868 μέχρι
498 1783 606 1856 τάλοος
622 1783 743 1866 βεβαίαν
761 1786 971 1868 κατάσχωμεν.
991 1813 1031 1828 -
1047 1780 1171 1844 Verbis:
1188 1787 1279 1867 μάτο-
1374 1844 1379 1850 .

108 1911 162 1975 χοι
177 1893 235 1974 γάρ
253 1898 305 1956 τοῦ
321 1885 454 1973 Χριστοῦ
469 1893 630 1973 γεγόναμεν
652 1895 752 1950 auotor
774 1887 890 1959 iudicat,
915 1887 1104 1954 defeotiouem
1123 1887 1280 1950 averitate

108 2015 161 2076 per
176 1994 326 2058 Christum
341 1995 471 2058 revelata
486 2013 631 2058 summam
646 2013 708 2056 esse
723 1992 933 2072 temeritatem
948 2011 999 2076 per
1014 1994 1090 2058 hano
1104 1993 1181 2056 euim
1197 2012 1279 2056 reve-

111 2102 251 2166 lationem
267 2101 352 2166 uobis
366 2121 481 2164 summa
496 2104 637 2164 bonorum
652 2100 818 2166 eoelestium
834 2099 968 2164 exhibita
982 2111 1038 2176 est,
1061 2121 1150 2182 quam
1166 2099 1235 2164 viva
1250 2110 1290 2176 et¹

109 2209 196 2270 firma
210 2209 266 2272 fide
281 2209 534 2292 apprehendentes
548 2207 578 2270 iu
593 2218 743 2271 aeternum
759 2206 835 2270 salvi
849 2216 879 2269 et
894 2206 990 2272 leliees
999 2207 1105 2270 erimus
1120 2217 1150 2270 et
1164 2207 1279 2270 divinae

109 2315 219 2377 Christi
234 2315 342 2398 gloriae
351 2313 663 2398 eompartioipabimus.
688 2315 770 2376 Istud
782 2321 917 2402 μετέχειν
933 2324 985 2382 τοῦ
996 2314 1128 2402 Χριστοῦ
1137 2323 1182 2378 est
1191 2314 1278 2378 simul

107 2423 226 2504 adeptio
241 2433 271 2486 et
285 2423 455 2505 adimpletio
470 2422 558 2497 illius,
575 2423 652 2506 quod
667 2442 768 2486 omnes
782 2421 851 2486 iusti
867 2431 896 2484 et
911 2422 952 2504 pii
967 2422 998 2485 in
1013 2423 1105 2486 Israel
1121 2443 1140 2485 a
1155 2421 1278 2486 saeoulis

108 2532 321 2610 exspectabant
336 2539 366 2591 et
380 2528 593 2605 desiderabant,
608 2539 638 2592 et
652 2525 719 2612 plus
735 2549 824 2612 quam
840 2527 922 2604 illud,
938 2528 1008 2612 quia
1016 2530 1083 2592 idea
1097 2529 1181 2592 istius
1197 2549 1277 2592 oom-

105 2635 336 2719 partioipationis
351 2637 545 2699 redemtorum
560 2645 590 2698 et
605 2635 850 2700 sanotihoatorum
866 2655 933 2700 oum
942 2635 1060 2700 Christo
1075 2653 1127 2718 per
1142 2617 1291 2718 gratiam,

105 2745 124 2805 i.
141 2765 166 2808 e.
182 2743 248 2806 idea
262 2743 362 2806 vitalis
377 2763 442 2807 eum
459 2742 576 2806 Christo
591 2743 760 2818 oommeroii,
776 2743 822 2808 oui
837 2744 938 2806 fideles
954 2742 1029 2806 siout
1055 2741 1192 2826 palmites
1213 2742 1277 2816 viti,

105 2850 204 2913 inserti
221 2861 297 2925 sunt,
315 2850 378 2934 pios
393 2861 423 2912 et
437 2850 529 2914 iustos
545 2851 649 2914 veteris
658 2849 766 2915 ordinis
781 2851 902 2916 latebat
919 2885 960 2897 -
970 2853 1090 2915 Verba:
1106 2854 1160 2939 τὴν
1175 2848 1276 2938 ἀρχὴν

105 2971 160 3046 τῆς
185 2955 379 3032 ὑποστάσεως
402 2956 511 3038 optime
540 2957 669 3038 explioat
697 2980 721 3022 s.
752 2955 1010 3042 Oltsysostomnm
1034 2955 1134 3020 soribit
1157 2973 1275 3036 nempe:
1295 3029 1297 3036 y

107 3063 149 3153 ,d
166 3063 250 3154 ἀρχὴ
277 3077 331 3153 τῆς
355 3061 549 3140 ὑποστάσεως
563 3066 663 3148 fidem
686 3066 855 3148 sipnifieot,
875 3084 933 3148 pes·
955 3083 1053 3146 passm
1074 3063 1276 3128 εωάεάεάίηεωε

106 3181 137 3236 at
151 3173 222 3236 noti
237 3191 347 3236 sumus
363 3181 392 3236 st
405 3169 596 3246 essentiales,
612 3180 650 3240 sss
663 3173 712 3236 s‘to
726 3173 840 3248 ds‘oom,
848 3172 935 3256 sueti
949 3177 1091 3236 asemas&
1122 3170 1162 3232 Et
1176 3186 1277 3232 revera
1297 3241 1299 3248 γ
1374 3179 1379 3187 ’

105 3296 157 3359 per
167 3279 253 3340 fidem
262 3276 421 3358 regenerati
430 3298 530 3340 sumus
539 3277 568 3340 iu
579 3277 810 3360 baptismo,faoti
819 3297 920 3341 sumus
930 3284 1057 3366 μέτοχοι
1067 3288 1118 3344 τοῦ
1127 3275 1272 3363 Χριστοῦ;

104 3386 176 3447 fides
191 3403 258 3466 ergo
273 3393 318 3446 est
326 3383 441 3446 initium
456 3384 639 3446 substantiae
655 3393 930 3467 nostrae,qusteuus
939 3403 1039 3448 sumus
1053 3385 1120 3448 novi
1135 3381 1275 3456 homiues,

104 3511 155 3552 seu
171 3489 328 3554 christiani.

192 3616 222 3663 v.
240 3595 288 3662 15.
304 3594 335 3661 ἐν
351 3609 392 3682 τῷ
408 3600 563 3678 λέγεσθαι·
588 3595 733 3684 Σήμερον,
749 3596 803 3663 ἐάν
819 3611 990 3688 τῆςφωνῆς
1006 3595 1099 3664 αὐτοῦ
1115 3595 1272 3683 sathanae,

104 3711 147 3794 μὴ
164 3705 356 3790 σπληράνητε
371 3707 427 3768 τάς
443 3703 571 3789 παρδίας
586 3700 676 3792 ὑμῶν,
700 3703 742 3780 ὡς
758 3704 789 3771 ἐν
804 3717 845 3792 τῷ
860 3717 1113 3792 παραπικρασμῷ.
1130 3739 1172 3750 -
1188 3703 1273 3764 Non-

103 3810 177 3872 nulli
194 3811 270 3872 hune
283 3827 399 3872 versum
415 3827 480 3873 oum
496 3811 550 3872 IV.
565 3812 591 3875 1.
602 3812 841 3894 eonlungendum,
851 3822 880 3876 et
889 3832 963 3894 queo
977 3811 1115 3878 16-19.
1130 3807 1274 3892 leguntur,

102 3916 308 3998 parentheseos
329 3926 399 3978 nota
414 3919 453 3978 ab
469 3916 513 3992 iis,
536 3937 611 3999 quae
626 3928 851 4000 proeoesserunt,
867 3919 1029 4002 separanda
1044 3925 1167 3992 oensent,
1183 3913 1226 3975 ita
1240 3923 1274 3976 ut
1298 4001 1300 4008 Α

102 4042 237 4086 versuum
253 4021 467 4086 oohaerentium
484 4043 585 4086 sensus
600 4025 653 4086 sit:
670 4027 773 4106 Itaque
788 4045 854 4088 oum
873 4027 986 4088 dieatur
1000 4024 1114 4100 Hodie,
1131 4022 1155 4086 si
1170 4025 1289 4084 vooem'

102 4130 163 4192 eius
178 4128 326 4191 audieritis
341 4138 394 4190 ete.
412 4127 479 4211 (IV.
499 4128 549 4213 t),
565 4135 753 4219 φοβηθῶμεν
768 4153 797 4196 α.
812 4155 837 4196 τ.
854 4134 883 4195 λ.
914 4129 972 4193 Sed
996 4130 1064 4194 huie
1084 4125 1272 4211 explieationi

102 4235 188 4298 nimis
203 4233 374 4298 artificiosae
389 4235 489 4296 obstat
503 4236 563 4298 iam
578 4238 723 4320 particula
746 4235 797 4303 oio
813 4237 867 4307 IV.
887 4241 913 4304 1.
934 4247 1000 4320 post
1015 4239 1201 4328 φοβηθῶμεν
1217 4253 1272 4316 po·
1298 4303 1300 4312 ,

107 4341 174 4408 sita.
205 4340 268 4404 Alii
284 4339 371 4404 huius
386 4359 487 4404 versus
501 4346 591 4407 verba
606 4347 763 4409 adnectunt
782 4344 878 4408 verbis
899 4366 927 4410 v.
947 4347 1004 4420 13,
1027 4355 1057 4410 et
1071 4365 1099 4414 v.
1118 4345 1167 4414 14.
1190 4339 1270 4406 unois
