<?xml version="1.0" encoding="UTF-8"?>
<!DOCTYPE html PUBLIC "-//W3C//DTD XHTML 1.0 Transitional//EN"
    "http://www.w3.org/TR/xhtml1/DTD/xhtml1-transitional.dtd">
<html xmlns="http://www.w3.org/1999/xhtml" xml:lang="en" lang="en">
 <head>
  <title>
</title>
<meta http-equiv="Content-Type" content="text/html;charset=utf-8" />
  <meta name='ocr-system' content='tesseract 3.04.00' />
  <meta name='ocr-capabilities' content='ocr_page ocr_carea ocr_par ocr_line ocrx_word'/>
</head>
<body>
  <div class='ocr_page' id='page_1' title='image "./commentariusine00pngoog_0051.png"; bbox 0 0 3094 4892; ppageno 0'>
   <div class='ocr_carea' id='block_1_1' title="bbox 239 313 1000 388">
    <p class='ocr_par' dir='ltr' id='par_1_1' title="bbox 239 313 1000 388">
     <span class='ocr_line' id='line_1_1' title="bbox 239 313 1000 388; baseline 0.005 -22"><span class='ocrx_word' id='word_1_1' title='bbox 239 319 283 388; x_wconf 74' lang='grc'><strong>36</strong></span> <span class='ocrx_word' id='word_1_2' title='bbox 650 313 690 366; x_wconf 89' lang='lat' dir='ltr'><strong>De</strong></span> <span class='ocrx_word' id='word_1_3' title='bbox 708 325 854 384; x_wconf 72' lang='lat' dir='ltr'><strong>argumento</strong></span> <span class='ocrx_word' id='word_1_4' title='bbox 872 317 1000 383; x_wconf 74' lang='lat' dir='ltr'><strong>epistolae.</strong></span> 
     </span>
    </p>
   </div>
   <div class='ocr_carea' id='block_1_2' title="bbox 237 494 1418 4427">
    <p class='ocr_par' dir='ltr' id='par_1_2' title="bbox 329 494 1322 579">
     <span class='ocr_line' id='line_1_2' title="bbox 329 494 1322 579; baseline -0.001 -18"><span class='ocrx_word' id='word_1_5' title='bbox 329 497 502 562; x_wconf 71' lang='lat' dir='ltr'><strong>Ihaototua</strong></span> <span class='ocrx_word' id='word_1_6' title='bbox 519 495 547 560; x_wconf 86' lang='lat'><strong>1.</strong></span> <span class='ocrx_word' id='word_1_7' title='bbox 563 494 698 558; x_wconf 85' lang='lat' dir='ltr'><strong>Christus</strong></span> <span class='ocrx_word' id='word_1_8' title='bbox 713 496 908 576; x_wconf 70' lang='lat' dir='ltr'><strong>praestantior</strong></span> <span class='ocrx_word' id='word_1_9' title='bbox 921 507 966 560; x_wconf 86' lang='lat' dir='ltr'><strong>est</strong></span> <span class='ocrx_word' id='word_1_10' title='bbox 980 497 1093 579; x_wconf 81' lang='lat' dir='ltr'><strong>angelis</strong></span> <span class='ocrx_word' id='word_1_11' title='bbox 1109 499 1130 562; x_wconf 94' lang='lat' dir='ltr'><strong>l.</strong></span> <span class='ocrx_word' id='word_1_12' title='bbox 1147 498 1254 562; x_wconf 86' lang='lat'>4-11.</span> <span class='ocrx_word' id='word_1_13' title='bbox 1273 499 1322 564; x_wconf 88' lang='lat'><strong>18.</strong></span> 
     </span>
    </p>

    <p class='ocr_par' dir='ltr' id='par_1_3' title="bbox 239 601 1418 777">
     <span class='ocr_line' id='line_1_3' title="bbox 328 601 1418 686; baseline -0.002 -19"><span class='ocrx_word' id='word_1_14' title='bbox 328 601 424 667; x_wconf 87' lang='lat' dir='ltr'><strong>Sectic</strong></span> <span class='ocrx_word' id='word_1_15' title='bbox 442 604 469 668; x_wconf 90' lang='lat'><strong>1.</strong></span> <span class='ocrx_word' id='word_1_16' title='bbox 494 601 643 666; x_wconf 88' lang='lat' dir='ltr'><strong>Christum</strong></span> <span class='ocrx_word' id='word_1_17' title='bbox 660 604 779 684; x_wconf 82' lang='lat' dir='ltr'><strong>angelos</strong></span> <span class='ocrx_word' id='word_1_18' title='bbox 796 603 961 684; x_wconf 77' lang='lat' dir='ltr'>longissime</span> <span class='ocrx_word' id='word_1_19' title='bbox 984 623 1120 686; x_wconf 88' lang='lat' dir='ltr'><strong>superare</strong></span> <span class='ocrx_word' id='word_1_20' title='bbox 1136 604 1205 668; x_wconf 92' lang='lat' dir='ltr'><strong>locis</strong></span> <span class='ocrx_word' id='word_1_21' title='bbox 1220 623 1236 666; x_wconf 91' lang='lat' dir='ltr'><strong>e</strong></span> <span class='ocrx_word' id='word_1_22' title='bbox 1250 607 1290 668; x_wconf 90' lang='lat' dir='ltr'><strong>V.</strong></span> <span class='ocrx_word' id='word_1_23' title='bbox 1306 605 1341 665; x_wconf 85' lang='lat' dir='ltr'><strong>T.</strong></span> <span class='ocrx_word' id='word_1_24' title='bbox 1358 624 1418 685; x_wconf 91' lang='lat' dir='ltr'><strong>pe-</strong></span> 
     </span>
     <span class='ocr_line' id='line_1_4' title="bbox 239 711 706 777; baseline -0.002 -3"><span class='ocrx_word' id='word_1_25' title='bbox 239 711 301 775; x_wconf 90' lang='lat' dir='ltr'><strong>titis</strong></span> <span class='ocrx_word' id='word_1_26' title='bbox 316 714 532 775; x_wconf 89' lang='lat' dir='ltr'><strong>demonstratur</strong></span> <span class='ocrx_word' id='word_1_27' title='bbox 547 712 570 777; x_wconf 93' lang='lat' dir='ltr'><strong>I.</strong></span> <span class='ocrx_word' id='word_1_28' title='bbox 585 713 706 776; x_wconf 85' lang='grc'><strong>4-14,</strong></span> 
     </span>
    </p>

    <p class='ocr_par' dir='ltr' id='par_1_4' title="bbox 238 816 1417 992">
     <span class='ocr_line' id='line_1_5' title="bbox 328 816 1417 900; baseline -0.002 -18"><span class='ocrx_word' id='word_1_29' title='bbox 328 817 424 882; x_wconf 89' lang='lat' dir='ltr'><strong>Sectio</strong></span> <span class='ocrx_word' id='word_1_30' title='bbox 440 819 469 884; x_wconf 84' lang='grc'><strong>2.</strong></span> <span class='ocrx_word' id='word_1_31' title='bbox 494 817 561 879; x_wconf 87' lang='lat' dir='ltr'><strong>Tali</strong></span> <span class='ocrx_word' id='word_1_32' title='bbox 577 816 694 890; x_wconf 74' lang='lat' dir='ltr'><strong>doctum,</strong></span> <span class='ocrx_word' id='word_1_33' title='bbox 710 816 807 898; x_wconf 91' lang='lat' dir='ltr'><strong>qualis</strong></span> <span class='ocrx_word' id='word_1_34' title='bbox 823 827 869 880; x_wconf 88' lang='lat' dir='ltr'><strong>est</strong></span> <span class='ocrx_word' id='word_1_35' title='bbox 883 817 1025 892; x_wconf 87' lang='lat' dir='ltr'><strong>Christus,</strong></span> <span class='ocrx_word' id='word_1_36' title='bbox 1040 821 1233 900; x_wconf 84' lang='lat' dir='ltr'><strong>obsequenter</strong></span> <span class='ocrx_word' id='word_1_37' title='bbox 1242 829 1287 880; x_wconf 89' lang='lat' dir='ltr'><strong>est</strong></span> <span class='ocrx_word' id='word_1_38' title='bbox 1302 836 1417 900; x_wconf 88' lang='lat' dir='ltr'><strong>pareu-</strong></span> 
     </span>
     <span class='ocr_line' id='line_1_6' title="bbox 238 925 478 992; baseline -0.004 0"><span class='ocrx_word' id='word_1_39' title='bbox 238 930 308 992; x_wconf 89' lang='lat' dir='ltr'><strong>dum</strong></span> <span class='ocrx_word' id='word_1_40' title='bbox 324 926 362 990; x_wconf 78' lang='grc' dir='ltr'><strong>ΙΙ.</strong></span> <span class='ocrx_word' id='word_1_41' title='bbox 381 925 478 992; x_wconf 79' lang='grc'><strong>1-4,</strong></span> 
     </span>
    </p>

    <p class='ocr_par' dir='ltr' id='par_1_5' title="bbox 238 1029 1413 1221">
     <span class='ocr_line' id='line_1_7' title="bbox 326 1029 1413 1114; baseline -0.001 -19"><span class='ocrx_word' id='word_1_42' title='bbox 326 1031 422 1096; x_wconf 79' lang='lat' dir='ltr'><strong>Sestio</strong></span> <span class='ocrx_word' id='word_1_43' title='bbox 437 1033 466 1098; x_wconf 82' lang='lat'><strong>3.</strong></span> <span class='ocrx_word' id='word_1_44' title='bbox 490 1031 576 1092; x_wconf 90' lang='lat' dir='ltr'><strong>Nova</strong></span> <span class='ocrx_word' id='word_1_45' title='bbox 590 1029 736 1112; x_wconf 80' lang='lat' dir='ltr'><strong>religionis</strong></span> <span class='ocrx_word' id='word_1_46' title='bbox 750 1031 916 1094; x_wconf 85' lang='lat' dir='ltr'><strong>oeconomia</strong></span> <span class='ocrx_word' id='word_1_47' title='bbox 938 1052 995 1094; x_wconf 93' lang='lat' dir='ltr'><strong>non</strong></span> <span class='ocrx_word' id='word_1_48' title='bbox 1017 1031 1137 1114; x_wconf 79' lang='lat' dir='ltr'><strong>angelis,</strong></span> <span class='ocrx_word' id='word_1_49' title='bbox 1153 1033 1204 1094; x_wconf 91' lang='lat' dir='ltr'><strong>sed</strong></span> <span class='ocrx_word' id='word_1_50' title='bbox 1226 1031 1348 1095; x_wconf 88' lang='lat' dir='ltr'><strong>Christo</strong></span> <span class='ocrx_word' id='word_1_51' title='bbox 1364 1043 1413 1094; x_wconf 85' lang='lat' dir='ltr'><strong>est</strong></span> 
     </span>
     <span class='ocr_line' id='line_1_8' title="bbox 238 1135 1195 1221; baseline 0.001 -15"><span class='ocrx_word' id='word_1_52' title='bbox 238 1141 377 1213; x_wconf 76' lang='lat' dir='ltr'><strong>subiecta,</strong></span> <span class='ocrx_word' id='word_1_53' title='bbox 393 1139 460 1202; x_wconf 86' lang='lat' dir='ltr'><strong>licet</strong></span> <span class='ocrx_word' id='word_1_54' title='bbox 474 1136 520 1199; x_wconf 92' lang='lat' dir='ltr'><strong>his</strong></span> <span class='ocrx_word' id='word_1_55' title='bbox 537 1136 566 1198; x_wconf 93' lang='lat' dir='ltr'><strong>in</strong></span> <span class='ocrx_word' id='word_1_56' title='bbox 581 1135 664 1199; x_wconf 90' lang='lat' dir='ltr'><strong>terris</strong></span> <span class='ocrx_word' id='word_1_57' title='bbox 679 1136 794 1200; x_wconf 86' lang='lat' dir='ltr'><strong>inferior</strong></span> <span class='ocrx_word' id='word_1_58' title='bbox 808 1138 895 1200; x_wconf 81' lang='lat' dir='ltr'><strong>luerit</strong></span> <span class='ocrx_word' id='word_1_59' title='bbox 915 1138 1027 1221; x_wconf 81' lang='lat' dir='ltr'><strong>angelis</strong></span> <span class='ocrx_word' id='word_1_60' title='bbox 1042 1141 1081 1202; x_wconf 89' lang='lat' dir='ltr'><strong>Il.</strong></span> <span class='ocrx_word' id='word_1_61' title='bbox 1097 1141 1195 1207; x_wconf 82' lang='lat'><strong>5-9.</strong></span> 
     </span>
    </p>

    <p class='ocr_par' dir='ltr' id='par_1_6' title="bbox 241 1243 1416 1432">
     <span class='ocr_line' id='line_1_9' title="bbox 331 1243 1416 1327; baseline -0.002 -17"><span class='ocrx_word' id='word_1_62' title='bbox 331 1245 427 1310; x_wconf 81' lang='lat' dir='ltr'><strong>sectio</strong></span> <span class='ocrx_word' id='word_1_63' title='bbox 442 1247 472 1310; x_wconf 90' lang='grc'><strong>4.</strong></span> <span class='ocrx_word' id='word_1_64' title='bbox 497 1243 591 1306; x_wconf 83' lang='lat' dir='ltr'><strong>Filius</strong></span> <span class='ocrx_word' id='word_1_65' title='bbox 605 1244 659 1306; x_wconf 90' lang='lat' dir='ltr'><strong>Dei</strong></span> <span class='ocrx_word' id='word_1_66' title='bbox 676 1245 806 1308; x_wconf 90' lang='lat' dir='ltr'><strong>humana</strong></span> <span class='ocrx_word' id='word_1_67' title='bbox 821 1258 926 1308; x_wconf 87' lang='lat' dir='ltr'><strong>natura</strong></span> <span class='ocrx_word' id='word_1_68' title='bbox 942 1247 1214 1327; x_wconf 79' lang='lat' dir='ltr'><strong>indutusapparuit</strong></span> <span class='ocrx_word' id='word_1_69' title='bbox 1230 1255 1265 1308; x_wconf 87' lang='lat' dir='ltr'><strong>ut</strong></span> <span class='ocrx_word' id='word_1_70' title='bbox 1279 1245 1416 1308; x_wconf 87' lang='lat' dir='ltr'><strong>homines</strong></span> 
     </span>
     <span class='ocr_line' id='line_1_10' title="bbox 241 1352 1138 1432; baseline -0.004 -12"><span class='ocrx_word' id='word_1_71' title='bbox 241 1367 334 1420; x_wconf 88' lang='lat' dir='ltr'><strong>morte</strong></span> <span class='ocrx_word' id='word_1_72' title='bbox 349 1371 403 1416; x_wconf 91' lang='lat' dir='ltr'><strong>sua</strong></span> <span class='ocrx_word' id='word_1_73' title='bbox 417 1371 436 1414; x_wconf 88' lang='lat' dir='ltr'><strong>a</strong></span> <span class='ocrx_word' id='word_1_74' title='bbox 451 1361 634 1432; x_wconf 89' lang='lat' dir='ltr'><strong>peccatorum</strong></span> <span class='ocrx_word' id='word_1_75' title='bbox 649 1352 765 1414; x_wconf 89' lang='lat' dir='ltr'><strong>miseria</strong></span> <span class='ocrx_word' id='word_1_76' title='bbox 781 1352 925 1420; x_wconf 90' lang='lat' dir='ltr'><strong>liberaret.</strong></span> <span class='ocrx_word' id='word_1_77' title='bbox 940 1355 980 1420; x_wconf 88' lang='lat'><strong>11.</strong></span> <span class='ocrx_word' id='word_1_78' title='bbox 999 1355 1138 1420; x_wconf 84' lang='lat'>10-18.</span> 
     </span>
    </p>

    <p class='ocr_par' dir='ltr' id='par_1_7' title="bbox 332 1457 1413 1542">
     <span class='ocr_line' id='line_1_11' title="bbox 332 1457 1413 1542; baseline 0.001 -18"><span class='ocrx_word' id='word_1_79' title='bbox 332 1461 504 1524; x_wconf 60' lang='lat' dir='ltr'><strong>dioclet-ua</strong></span> <span class='ocrx_word' id='word_1_80' title='bbox 519 1457 567 1526; x_wconf 87' lang='grc' dir='ltr'><strong>ΙΙ.</strong></span> <span class='ocrx_word' id='word_1_81' title='bbox 592 1457 726 1522; x_wconf 90' lang='lat' dir='ltr'><strong>Christus</strong></span> <span class='ocrx_word' id='word_1_82' title='bbox 741 1460 940 1540; x_wconf 75' lang='lat' dir='ltr'><strong>praestantior</strong></span> <span class='ocrx_word' id='word_1_83' title='bbox 961 1470 1006 1522; x_wconf 88' lang='lat' dir='ltr'><strong>est</strong></span> <span class='ocrx_word' id='word_1_84' title='bbox 1021 1461 1126 1542; x_wconf 88' lang='lat' dir='ltr'><strong>Moyse</strong></span> <span class='ocrx_word' id='word_1_85' title='bbox 1149 1462 1203 1528; x_wconf 86' lang='lat' dir='ltr'>III.</span> <span class='ocrx_word' id='word_1_86' title='bbox 1222 1460 1341 1528; x_wconf 83' lang='lat' dir='ltr'>1-1v‚</span> <span class='ocrx_word' id='word_1_87' title='bbox 1362 1463 1413 1528; x_wconf 84' lang='lat'><strong>13.</strong></span> 
     </span>
    </p>

    <p class='ocr_par' dir='ltr' id='par_1_8' title="bbox 239 1565 1414 1740">
     <span class='ocr_line' id='line_1_12' title="bbox 331 1565 1414 1649; baseline -0.002 -17"><span class='ocrx_word' id='word_1_88' title='bbox 331 1566 426 1632; x_wconf 81' lang='lat' dir='ltr'><strong>Sccti0</strong></span> <span class='ocrx_word' id='word_1_89' title='bbox 444 1567 470 1630; x_wconf 95' lang='grc'><strong>1.</strong></span> <span class='ocrx_word' id='word_1_90' title='bbox 495 1565 649 1647; x_wconf 89' lang='lat' dir='ltr'><strong>Disparem</strong></span> <span class='ocrx_word' id='word_1_91' title='bbox 674 1567 761 1629; x_wconf 89' lang='lat' dir='ltr'><strong>fuisse</strong></span> <span class='ocrx_word' id='word_1_92' title='bbox 776 1567 889 1648; x_wconf 86' lang='lat' dir='ltr'><strong>Moysis</strong></span> <span class='ocrx_word' id='word_1_93' title='bbox 910 1577 999 1649; x_wconf 89' lang='lat' dir='ltr'><strong>atque</strong></span> <span class='ocrx_word' id='word_1_94' title='bbox 1015 1567 1123 1631; x_wconf 84' lang='lat' dir='ltr'><strong>Christi</strong></span> <span class='ocrx_word' id='word_1_95' title='bbox 1145 1568 1336 1631; x_wconf 89' lang='lat' dir='ltr'><strong>conditionem</strong></span> <span class='ocrx_word' id='word_1_96' title='bbox 1358 1569 1414 1630; x_wconf 91' lang='lat' dir='ltr'><strong>de-</strong></span> 
     </span>
     <span class='ocr_line' id='line_1_13' title="bbox 239 1674 601 1740; baseline 0 0"><span class='ocrx_word' id='word_1_97' title='bbox 239 1684 418 1740; x_wconf 88' lang='lat' dir='ltr'><strong>monstratur</strong></span> <span class='ocrx_word' id='word_1_98' title='bbox 432 1674 487 1736; x_wconf 90' lang='lat' dir='ltr'>III.</span> <span class='ocrx_word' id='word_1_99' title='bbox 507 1674 601 1740; x_wconf 80' lang='lat'><strong>1-6.</strong></span> 
     </span>
    </p>

    <p class='ocr_par' dir='ltr' id='par_1_9' title="bbox 239 1780 1413 1971">
     <span class='ocr_line' id='line_1_14' title="bbox 328 1780 1413 1863; baseline -0.002 -17"><span class='ocrx_word' id='word_1_100' title='bbox 328 1781 425 1846; x_wconf 85' lang='lat' dir='ltr'><strong>Sectio</strong></span> <span class='ocrx_word' id='word_1_101' title='bbox 441 1782 471 1847; x_wconf 80' lang='lat'><strong>2.</strong></span> <span class='ocrx_word' id='word_1_102' title='bbox 501 1780 569 1842; x_wconf 77' lang='lat' dir='ltr'><strong>&#39;l&#39;ali</strong></span> <span class='ocrx_word' id='word_1_103' title='bbox 592 1781 747 1854; x_wconf 90' lang='lat' dir='ltr'><strong>doctrinae,</strong></span> <span class='ocrx_word' id='word_1_104' title='bbox 769 1780 865 1861; x_wconf 90' lang='lat' dir='ltr'><strong>qualis</strong></span> <span class='ocrx_word' id='word_1_105' title='bbox 887 1791 933 1843; x_wconf 90' lang='lat' dir='ltr'><strong>est</strong></span> <span class='ocrx_word' id='word_1_106' title='bbox 961 1781 1129 1856; x_wconf 77' lang='lat' dir='ltr'><strong>christiana.</strong></span> <span class='ocrx_word' id='word_1_107' title='bbox 1158 1781 1331 1863; x_wconf 78' lang='lat' dir='ltr'><strong>obsequium</strong></span> <span class='ocrx_word' id='word_1_108' title='bbox 1353 1801 1413 1846; x_wconf 93' lang='lat' dir='ltr'><strong>nou</strong></span> 
     </span>
     <span class='ocr_line' id='line_1_15' title="bbox 239 1887 781 1971; baseline -0.013 -14"><span class='ocrx_word' id='word_1_109' title='bbox 239 1903 285 1957; x_wconf 88' lang='lat' dir='ltr'><strong>est</strong></span> <span class='ocrx_word' id='word_1_110' title='bbox 299 1890 500 1971; x_wconf 79' lang='lat' dir='ltr'><strong>denegandum</strong></span> <span class='ocrx_word' id='word_1_111' title='bbox 516 1889 571 1952; x_wconf 94' lang='lat' dir='ltr'>III.</span> <span class='ocrx_word' id='word_1_112' title='bbox 588 1887 710 1953; x_wconf 77' lang='lat' dir='ltr'>V-IV.</span> <span class='ocrx_word' id='word_1_113' title='bbox 732 1888 781 1953; x_wconf 82' lang='lat'><strong>13.</strong></span> 
     </span>
    </p>

    <p class='ocr_par' dir='ltr' id='par_1_10' title="bbox 243 1992 1412 2182">
     <span class='ocr_line' id='line_1_16' title="bbox 331 1992 1412 2074; baseline -0.004 -12"><span class='ocrx_word' id='word_1_114' title='bbox 331 1999 504 2062; x_wconf 72' lang='lat' dir='ltr'><strong>Ihootatm</strong></span> <span class='ocrx_word' id='word_1_115' title='bbox 520 1993 587 2058; x_wconf 82' lang='lat'><strong>111.</strong></span> <span class='ocrx_word' id='word_1_116' title='bbox 613 1992 748 2056; x_wconf 88' lang='lat' dir='ltr'><strong>Christus</strong></span> <span class='ocrx_word' id='word_1_117' title='bbox 763 1995 957 2074; x_wconf 78' lang='lat' dir='ltr'><strong>praestantior</strong></span> <span class='ocrx_word' id='word_1_118' title='bbox 971 2007 1016 2058; x_wconf 90' lang='lat' dir='ltr'><strong>est</strong></span> <span class='ocrx_word' id='word_1_119' title='bbox 1030 1996 1228 2060; x_wconf 89' lang='lat' dir='ltr'><strong>sacerdotibus</strong></span> <span class='ocrx_word' id='word_1_120' title='bbox 1250 1997 1289 2060; x_wconf 91' lang='lat' dir='ltr'><strong>V.</strong></span> <span class='ocrx_word' id='word_1_121' title='bbox 1305 1996 1340 2060; x_wconf 89' lang='grc' dir='ltr'><strong>Τ.</strong></span> <span class='ocrx_word' id='word_1_122' title='bbox 1355 1997 1412 2058; x_wconf 90' lang='lat' dir='ltr'><strong>IV.</strong></span> 
     </span>
     <span class='ocr_line' id='line_1_17' title="bbox 243 2100 817 2182; baseline -0.014 -14"><span class='ocrx_word' id='word_1_123' title='bbox 243 2105 372 2174; x_wconf 84' lang='lat' dir='ltr'>14—X.</span> <span class='ocrx_word' id='word_1_124' title='bbox 390 2103 456 2175; x_wconf 85' lang='lat'>18.;</span> <span class='ocrx_word' id='word_1_125' title='bbox 471 2111 502 2162; x_wconf 91' lang='lat' dir='ltr'><strong>et</strong></span> <span class='ocrx_word' id='word_1_126' title='bbox 516 2100 633 2182; x_wconf 90' lang='lat' dir='ltr'><strong>quidem</strong></span> <span class='ocrx_word' id='word_1_127' title='bbox 815 2117 817 2121; x_wconf 72' lang='grc'>’</span> 
     </span>
    </p>

    <p class='ocr_par' dir='ltr' id='par_1_11' title="bbox 239 2210 1413 2384">
     <span class='ocr_line' id='line_1_18' title="bbox 329 2210 1413 2292; baseline -0.001 -18"><span class='ocrx_word' id='word_1_128' title='bbox 329 2211 368 2278; x_wconf 82' lang='grc' dir='ltr'><strong>Α,</strong></span> <span class='ocrx_word' id='word_1_129' title='bbox 381 2228 520 2292; x_wconf 79' lang='lat' dir='ltr'><strong>persono</strong></span> <span class='ocrx_word' id='word_1_130' title='bbox 534 2229 605 2281; x_wconf 85' lang='lat' dir='ltr'><strong>suo,</strong></span> <span class='ocrx_word' id='word_1_131' title='bbox 620 2227 688 2268; x_wconf 90' lang='lat' dir='ltr'><strong>uam</strong></span> <span class='ocrx_word' id='word_1_132' title='bbox 704 2218 749 2268; x_wconf 85' lang='lat' dir='ltr'><strong>est</strong></span> <span class='ocrx_word' id='word_1_133' title='bbox 764 2210 895 2271; x_wconf 89' lang='lat' dir='ltr'><strong>sacerdos</strong></span> <span class='ocrx_word' id='word_1_134' title='bbox 916 2213 1072 2276; x_wconf 88' lang='lat' dir='ltr'><strong>secundum</strong></span> <span class='ocrx_word' id='word_1_135' title='bbox 1094 2211 1236 2274; x_wconf 88' lang='lat' dir='ltr'><strong>rationem</strong></span> <span class='ocrx_word' id='word_1_136' title='bbox 1252 2211 1413 2275; x_wconf 87' lang='lat' dir='ltr'><strong>Melchise-</strong></span> 
     </span>
     <span class='ocr_line' id='line_1_19' title="bbox 239 2314 640 2384; baseline -0.007 0"><span class='ocrx_word' id='word_1_137' title='bbox 239 2319 323 2384; x_wconf 90' lang='lat' dir='ltr'><strong>dechi</strong></span> <span class='ocrx_word' id='word_1_138' title='bbox 338 2317 394 2380; x_wconf 92' lang='lat' dir='ltr'><strong>IV.</strong></span> <span class='ocrx_word' id='word_1_139' title='bbox 413 2314 571 2381; x_wconf 80' lang='lat' dir='ltr'><strong>14-le</strong></span> <span class='ocrx_word' id='word_1_140' title='bbox 588 2315 640 2381; x_wconf 80' lang='lat'><strong>28.</strong></span> 
     </span>
    </p>

    <p class='ocr_par' dir='ltr' id='par_1_12' title="bbox 240 2419 1413 2599">
     <span class='ocr_line' id='line_1_20' title="bbox 329 2419 1413 2502; baseline 0.006 -21"><span class='ocrx_word' id='word_1_141' title='bbox 329 2424 406 2490; x_wconf 71' lang='lat' dir='ltr'><strong>Sena.</strong></span> <span class='ocrx_word' id='word_1_142' title='bbox 425 2424 452 2488; x_wconf 92' lang='lat'><strong>1.</strong></span> <span class='ocrx_word' id='word_1_143' title='bbox 477 2419 666 2502; x_wconf 90' lang='lat' dir='ltr'><strong>Comparatio</strong></span> <span class='ocrx_word' id='word_1_144' title='bbox 682 2419 831 2485; x_wconf 87' lang='lat' dir='ltr'><strong>Christum</strong></span> <span class='ocrx_word' id='word_1_145' title='bbox 849 2423 923 2487; x_wconf 86' lang='lat' dir='ltr'><strong>inter</strong></span> <span class='ocrx_word' id='word_1_146' title='bbox 938 2436 968 2488; x_wconf 89' lang='lat' dir='ltr'><strong>et</strong></span> <span class='ocrx_word' id='word_1_147' title='bbox 982 2445 1112 2488; x_wconf 88' lang='lat' dir='ltr'><strong>summos</strong></span> <span class='ocrx_word' id='word_1_148' title='bbox 1120 2426 1141 2488; x_wconf 93' lang='lat' dir='ltr'>J</span> <span class='ocrx_word' id='word_1_149' title='bbox 1144 2429 1298 2490; x_wconf 89' lang='lat' dir='ltr'><strong>udaeorum</strong></span> <span class='ocrx_word' id='word_1_150' title='bbox 1314 2445 1413 2489; x_wconf 88' lang='lat' dir='ltr'><strong>sacer-</strong></span> 
     </span>
     <span class='ocr_line' id='line_1_21' title="bbox 240 2528 850 2599; baseline -0.005 0"><span class='ocrx_word' id='word_1_151' title='bbox 240 2537 322 2599; x_wconf 89' lang='lat' dir='ltr'><strong>dotes</strong></span> <span class='ocrx_word' id='word_1_152' title='bbox 337 2529 499 2595; x_wconf 86' lang='lat' dir='ltr'><strong>instituitur</strong></span> <span class='ocrx_word' id='word_1_153' title='bbox 513 2528 568 2592; x_wconf 92' lang='lat' dir='ltr'><strong>IV.</strong></span> <span class='ocrx_word' id='word_1_154' title='bbox 588 2529 714 2593; x_wconf 74' lang='lat' dir='ltr'><strong>lt—v.</strong></span> <span class='ocrx_word' id='word_1_155' title='bbox 735 2531 783 2596; x_wconf 87' lang='grc'><strong>10.</strong></span> <span class='ocrx_word' id='word_1_156' title='bbox 847 2541 850 2546; x_wconf 90' lang='grc'><strong>’</strong></span> 
     </span>
    </p>

    <p class='ocr_par' dir='ltr' id='par_1_13' title="bbox 240 2634 1413 2924">
     <span class='ocr_line' id='line_1_22' title="bbox 334 2634 1412 2716; baseline 0.001 -14"><span class='ocrx_word' id='word_1_157' title='bbox 334 2639 411 2703; x_wconf 88' lang='lat' dir='ltr'><strong>Sect.</strong></span> <span class='ocrx_word' id='word_1_158' title='bbox 422 2638 451 2703; x_wconf 82' lang='lat'><strong>2.</strong></span> <span class='ocrx_word' id='word_1_159' title='bbox 469 2634 645 2710; x_wconf 86' lang='lat' dir='ltr'><strong>Similitudo,</strong></span> <span class='ocrx_word' id='word_1_160' title='bbox 655 2655 731 2716; x_wconf 87' lang='lat' dir='ltr'><strong>quae</strong></span> <span class='ocrx_word' id='word_1_161' title='bbox 741 2636 815 2700; x_wconf 85' lang='lat' dir='ltr'><strong>inter</strong></span> <span class='ocrx_word' id='word_1_162' title='bbox 824 2639 1048 2702; x_wconf 89' lang='lat' dir='ltr'><strong>Melchisedechi</strong></span> <span class='ocrx_word' id='word_1_163' title='bbox 1063 2651 1093 2702; x_wconf 92' lang='lat' dir='ltr'><strong>et</strong></span> <span class='ocrx_word' id='word_1_164' title='bbox 1101 2639 1211 2702; x_wconf 89' lang='lat' dir='ltr'><strong>Christi</strong></span> <span class='ocrx_word' id='word_1_165' title='bbox 1220 2641 1412 2703; x_wconf 88' lang='lat' dir='ltr'><strong>sacerdotium</strong></span> 
     </span>
     <span class='ocr_line' id='line_1_23' title="bbox 240 2742 1413 2829; baseline 0 -16"><span class='ocrx_word' id='word_1_166' title='bbox 240 2745 400 2819; x_wconf 72' lang='lat' dir='ltr'><strong>intercedit,</strong></span> <span class='ocrx_word' id='word_1_167' title='bbox 415 2762 463 2806; x_wconf 89' lang='lat' dir='ltr'><strong>res</strong></span> <span class='ocrx_word' id='word_1_168' title='bbox 478 2752 523 2804; x_wconf 84' lang='lat' dir='ltr'><strong>est</strong></span> <span class='ocrx_word' id='word_1_169' title='bbox 537 2742 685 2825; x_wconf 83' lang='lat' dir='ltr'><strong>explicatu</strong></span> <span class='ocrx_word' id='word_1_170' title='bbox 700 2744 834 2820; x_wconf 80' lang='lat' dir='ltr'><strong>difficilis,</strong></span> <span class='ocrx_word' id='word_1_171' title='bbox 850 2747 1038 2810; x_wconf 89' lang='lat' dir='ltr'><strong>nihilomiuus</strong></span> <span class='ocrx_word' id='word_1_172' title='bbox 1053 2756 1152 2812; x_wconf 86' lang='lat' dir='ltr'><strong>tamen</strong></span> <span class='ocrx_word' id='word_1_173' title='bbox 1169 2750 1356 2829; x_wconf 89' lang='lat' dir='ltr'><strong>proponenda</strong></span> <span class='ocrx_word' id='word_1_174' title='bbox 1372 2749 1413 2813; x_wconf 90' lang='lat' dir='ltr'><strong>V.</strong></span> 
     </span>
     <span class='ocr_line' id='line_1_24' title="bbox 242 2853 432 2924; baseline -0.053 0"><span class='ocrx_word' id='word_1_175' title='bbox 242 2854 385 2924; x_wconf 86' lang='lat' dir='ltr'><strong>ll-VL</strong></span> <span class='ocrx_word' id='word_1_176' title='bbox 401 2853 432 2918; x_wconf 84' lang='lat'><strong>3.</strong></span> 
     </span>
    </p>

    <p class='ocr_par' dir='ltr' id='par_1_14' title="bbox 238 2956 1411 3242">
     <span class='ocr_line' id='line_1_25' title="bbox 329 2956 1407 3044; baseline 0.005 -25"><span class='ocrx_word' id='word_1_177' title='bbox 329 2959 405 3025; x_wconf 76' lang='lat' dir='ltr'><strong>Sect.</strong></span> <span class='ocrx_word' id='word_1_178' title='bbox 421 2960 451 3024; x_wconf 88' lang='lat'><strong>3.</strong></span> <span class='ocrx_word' id='word_1_179' title='bbox 475 2956 533 3030; x_wconf 91' lang='lat' dir='ltr'><strong>Illi,</strong></span> <span class='ocrx_word' id='word_1_180' title='bbox 557 2957 607 3038; x_wconf 94' lang='lat' dir='ltr'><strong>qui</strong></span> <span class='ocrx_word' id='word_1_181' title='bbox 630 2959 774 3022; x_wconf 87' lang='lat' dir='ltr'><strong>beneficiis</strong></span> <span class='ocrx_word' id='word_1_182' title='bbox 796 2960 941 3043; x_wconf 83' lang='lat' dir='ltr'><strong>religionis</strong></span> <span class='ocrx_word' id='word_1_183' title='bbox 969 2961 1144 3025; x_wconf 79' lang='lat' dir='ltr'><strong>christianae</strong></span> <span class='ocrx_word' id='word_1_184' title='bbox 1166 2961 1288 3044; x_wconf 82' lang='lat' dir='ltr'><strong>cognitis</strong></span> <span class='ocrx_word' id='word_1_185' title='bbox 1308 2983 1328 3024; x_wconf 91' lang='lat' dir='ltr'><strong>a</strong></span> <span class='ocrx_word' id='word_1_186' title='bbox 1349 2963 1407 3025; x_wconf 89' lang='lat' dir='ltr'><strong>fide</strong></span> 
     </span>
     <span class='ocr_line' id='line_1_26' title="bbox 239 3063 1411 3151; baseline -0.002 -18"><span class='ocrx_word' id='word_1_187' title='bbox 239 3070 413 3139; x_wconf 86' lang='lat' dir='ltr'><strong>defecerunt,</strong></span> <span class='ocrx_word' id='word_1_188' title='bbox 428 3073 532 3145; x_wconf 86' lang='lat' dir='ltr'><strong>suapte</strong></span> <span class='ocrx_word' id='word_1_189' title='bbox 547 3063 607 3126; x_wconf 89' lang='lat' dir='ltr'><strong>iam</strong></span> <span class='ocrx_word' id='word_1_190' title='bbox 622 3075 727 3128; x_wconf 89' lang='lat' dir='ltr'><strong>natura</strong></span> <span class='ocrx_word' id='word_1_191' title='bbox 742 3070 780 3130; x_wconf 89' lang='lat' dir='ltr'><strong>ad</strong></span> <span class='ocrx_word' id='word_1_192' title='bbox 795 3067 987 3150; x_wconf 90' lang='lat' dir='ltr'><strong>recipiendam</strong></span> <span class='ocrx_word' id='word_1_193' title='bbox 1003 3069 1108 3131; x_wconf 90' lang='lat' dir='ltr'><strong>salutis</strong></span> <span class='ocrx_word' id='word_1_194' title='bbox 1123 3069 1248 3151; x_wconf 78' lang='lat' dir='ltr'><strong>gratiam</strong></span> <span class='ocrx_word' id='word_1_195' title='bbox 1264 3068 1411 3132; x_wconf 82' lang='lat' dir='ltr'><strong>inhabiles</strong></span> 
     </span>
     <span class='ocr_line' id='line_1_27' title="bbox 238 3173 499 3242; baseline -0.031 0"><span class='ocrx_word' id='word_1_196' title='bbox 238 3184 316 3242; x_wconf 86' lang='lat' dir='ltr'><strong>snut.</strong></span> <span class='ocrx_word' id='word_1_197' title='bbox 330 3173 387 3236; x_wconf 82' lang='lat' dir='ltr'><strong>VI.</strong></span> <span class='ocrx_word' id='word_1_198' title='bbox 402 3173 499 3238; x_wconf 88' lang='grc'><strong>4-8.</strong></span> 
     </span>
    </p>

    <p class='ocr_par' dir='ltr' id='par_1_15' title="bbox 239 3279 1413 3576">
     <span class='ocr_line' id='line_1_28' title="bbox 328 3279 1412 3364; baseline 0.003 -21"><span class='ocrx_word' id='word_1_199' title='bbox 328 3279 407 3344; x_wconf 80' lang='lat' dir='ltr'><strong>seor.</strong></span> <span class='ocrx_word' id='word_1_200' title='bbox 423 3279 453 3344; x_wconf 90' lang='grc'><strong>4.</strong></span> <span class='ocrx_word' id='word_1_201' title='bbox 478 3279 618 3341; x_wconf 80' lang='lat' dir='ltr'><strong>Doctrina</strong></span> <span class='ocrx_word' id='word_1_202' title='bbox 632 3280 791 3343; x_wconf 88' lang='lat' dir='ltr'><strong>christiana</strong></span> <span class='ocrx_word' id='word_1_203' title='bbox 813 3282 1046 3345; x_wconf 88' lang='lat' dir='ltr'><strong>constantissime</strong></span> <span class='ocrx_word' id='word_1_204' title='bbox 1069 3291 1113 3344; x_wconf 91' lang='lat' dir='ltr'><strong>est</strong></span> <span class='ocrx_word' id='word_1_205' title='bbox 1129 3283 1299 3363; x_wconf 86' lang='lat' dir='ltr'><strong>profitenda,</strong></span> <span class='ocrx_word' id='word_1_206' title='bbox 1321 3292 1412 3364; x_wconf 83' lang='lat' dir='ltr'><strong>atque</strong></span> 
     </span>
     <span class='ocr_line' id='line_1_29' title="bbox 239 3385 1413 3471; baseline -0.002 -17"><span class='ocrx_word' id='word_1_207' title='bbox 239 3389 371 3461; x_wconf 88' lang='lat' dir='ltr'><strong>maiores,</strong></span> <span class='ocrx_word' id='word_1_208' title='bbox 388 3385 438 3467; x_wconf 89' lang='lat' dir='ltr'><strong>qui</strong></span> <span class='ocrx_word' id='word_1_209' title='bbox 454 3404 505 3466; x_wconf 89' lang='lat' dir='ltr'><strong>per</strong></span> <span class='ocrx_word' id='word_1_210' title='bbox 521 3387 656 3450; x_wconf 86' lang='lat' dir='ltr'><strong>fiduciam</strong></span> <span class='ocrx_word' id='word_1_211' title='bbox 679 3397 709 3450; x_wconf 90' lang='lat' dir='ltr'><strong>et</strong></span> <span class='ocrx_word' id='word_1_212' title='bbox 732 3389 903 3470; x_wconf 88' lang='lat' dir='ltr'><strong>patientiam</strong></span> <span class='ocrx_word' id='word_1_213' title='bbox 926 3389 1081 3471; x_wconf 84' lang='lat' dir='ltr'><strong>participes</strong></span> <span class='ocrx_word' id='word_1_214' title='bbox 1103 3389 1172 3452; x_wconf 88' lang='lat' dir='ltr'><strong>facti</strong></span> <span class='ocrx_word' id='word_1_215' title='bbox 1195 3398 1264 3452; x_wconf 90' lang='lat' dir='ltr'><strong>sunt</strong></span> <span class='ocrx_word' id='word_1_216' title='bbox 1286 3390 1413 3470; x_wconf 90' lang='lat' dir='ltr'><strong>promis-</strong></span> 
     </span>
     <span class='ocr_line' id='line_1_30' title="bbox 240 3492 1336 3576; baseline 0.002 -17"><span class='ocrx_word' id='word_1_217' title='bbox 240 3515 338 3559; x_wconf 91' lang='lat' dir='ltr'><strong>sorum</strong></span> <span class='ocrx_word' id='word_1_218' title='bbox 353 3492 524 3567; x_wconf 87' lang='lat' dir='ltr'><strong>divinorum,</strong></span> <span class='ocrx_word' id='word_1_219' title='bbox 540 3492 671 3576; x_wconf 87' lang='lat' dir='ltr'><strong>inprimis</strong></span> <span class='ocrx_word' id='word_1_220' title='bbox 686 3495 887 3571; x_wconf 88' lang='lat' dir='ltr'><strong>Abrahamus‚</strong></span> <span class='ocrx_word' id='word_1_221' title='bbox 902 3507 972 3559; x_wconf 88' lang='lat' dir='ltr'><strong>sunt</strong></span> <span class='ocrx_word' id='word_1_222' title='bbox 987 3496 1128 3559; x_wconf 78' lang='lat' dir='ltr'><strong>imitandi.</strong></span> <span class='ocrx_word' id='word_1_223' title='bbox 1145 3497 1199 3558; x_wconf 89' lang='lat' dir='ltr'><strong>VI.</strong></span> <span class='ocrx_word' id='word_1_224' title='bbox 1215 3499 1336 3564; x_wconf 81' lang='lat'>9-20.</span> 
     </span>
    </p>

    <p class='ocr_par' dir='ltr' id='par_1_16' title="bbox 239 3599 1409 3778">
     <span class='ocr_line' id='line_1_31' title="bbox 331 3599 1409 3669; baseline 0 -3"><span class='ocrx_word' id='word_1_225' title='bbox 331 3601 407 3666; x_wconf 82' lang='lat' dir='ltr'><strong>Sect</strong></span> <span class='ocrx_word' id='word_1_226' title='bbox 424 3601 454 3669; x_wconf 76' lang='grc' dir='ltr'><strong>ὃ.</strong></span> <span class='ocrx_word' id='word_1_227' title='bbox 479 3599 628 3665; x_wconf 76' lang='lat' dir='ltr'><strong>Christum</strong></span> <span class='ocrx_word' id='word_1_228' title='bbox 644 3624 706 3666; x_wconf 91' lang='lat' dir='ltr'><strong>esse</strong></span> <span class='ocrx_word' id='word_1_229' title='bbox 721 3605 898 3666; x_wconf 81' lang='lat' dir='ltr'><strong>sacerdotem</strong></span> <span class='ocrx_word' id='word_1_230' title='bbox 914 3605 1070 3666; x_wconf 90' lang='lat' dir='ltr'><strong>secuudum</strong></span> <span class='ocrx_word' id='word_1_231' title='bbox 1093 3603 1234 3666; x_wconf 87' lang='lat' dir='ltr'><strong>rationem</strong></span> <span class='ocrx_word' id='word_1_232' title='bbox 1250 3603 1409 3666; x_wconf 90' lang='lat' dir='ltr'><strong>Melchise-</strong></span> 
     </span>
     <span class='ocr_line' id='line_1_32' title="bbox 239 3710 773 3778; baseline 0.004 -4"><span class='ocrx_word' id='word_1_233' title='bbox 239 3710 322 3774; x_wconf 89' lang='lat' dir='ltr'><strong>dechi</strong></span> <span class='ocrx_word' id='word_1_234' title='bbox 338 3710 553 3772; x_wconf 88' lang='lat' dir='ltr'><strong>demonstratur</strong></span> <span class='ocrx_word' id='word_1_235' title='bbox 567 3710 637 3773; x_wconf 91' lang='lat' dir='ltr'>VII.</span> <span class='ocrx_word' id='word_1_236' title='bbox 658 3713 773 3778; x_wconf 80' lang='lat'>1—28.</span> 
     </span>
    </p>

    <p class='ocr_par' dir='ltr' id='par_1_17' title="bbox 237 3813 1411 4115">
     <span class='ocr_line' id='line_1_33' title="bbox 326 3813 1410 3901; baseline 0.002 -21"><span class='ocrx_word' id='word_1_237' title='bbox 326 3818 362 3885; x_wconf 89' lang='lat' dir='ltr'><strong>B.</strong></span> <span class='ocrx_word' id='word_1_238' title='bbox 378 3813 522 3882; x_wconf 64' lang='lat' dir='ltr'><strong>Cdnhtus</strong></span> <span class='ocrx_word' id='word_1_239' title='bbox 533 3821 746 3901; x_wconf 79' lang='lat' dir='ltr'><strong>praestantior</strong></span> <span class='ocrx_word' id='word_1_240' title='bbox 760 3827 804 3880; x_wconf 83' lang='lat' dir='ltr'><strong>eet</strong></span> <span class='ocrx_word' id='word_1_241' title='bbox 827 3816 1035 3882; x_wconf 67' lang='lat' dir='ltr'><strong>aocodotr&#39;baa</strong></span> <span class='ocrx_word' id='word_1_242' title='bbox 1058 3816 1091 3880; x_wconf 80' lang='lat' dir='ltr'><strong>V.</strong></span> <span class='ocrx_word' id='word_1_243' title='bbox 1109 3815 1147 3880; x_wconf 84' lang='grc' dir='ltr'><strong>Τ.</strong></span> <span class='ocrx_word' id='word_1_244' title='bbox 1169 3818 1323 3899; x_wconf 66' lang='lat' dir='ltr'><strong>namstede</strong></span> <span class='ocrx_word' id='word_1_245' title='bbox 1344 3839 1410 3892; x_wconf 79' lang='lat' dir='ltr'><strong>suo,</strong></span> 
     </span>
     <span class='ocr_line' id='line_1_34' title="bbox 237 3923 1411 4005; baseline -0.001 -16"><span class='ocrx_word' id='word_1_246' title='bbox 237 3945 306 3989; x_wconf 88' lang='lat' dir='ltr'><strong>nam</strong></span> <span class='ocrx_word' id='word_1_247' title='bbox 322 3923 492 3988; x_wconf 85' lang='lat' dir='ltr'><strong>sacrificium</strong></span> <span class='ocrx_word' id='word_1_248' title='bbox 508 3927 548 3987; x_wconf 89' lang='lat' dir='ltr'><strong>ab</strong></span> <span class='ocrx_word' id='word_1_249' title='bbox 564 3947 597 3988; x_wconf 92' lang='lat' dir='ltr'><strong>eo</strong></span> <span class='ocrx_word' id='word_1_250' title='bbox 613 3926 643 3987; x_wconf 92' lang='lat' dir='ltr'><strong>in</strong></span> <span class='ocrx_word' id='word_1_251' title='bbox 659 3944 740 3988; x_wconf 90' lang='lat' dir='ltr'><strong>cruce</strong></span> <span class='ocrx_word' id='word_1_252' title='bbox 750 3925 883 3986; x_wconf 88' lang='lat' dir='ltr'><strong>oblatum</strong></span> <span class='ocrx_word' id='word_1_253' title='bbox 894 3944 983 4004; x_wconf 90' lang='lat' dir='ltr'><strong>quam</strong></span> <span class='ocrx_word' id='word_1_254' title='bbox 999 3923 1127 3986; x_wconf 81' lang='lat' dir='ltr'><strong>maxime</strong></span> <span class='ocrx_word' id='word_1_255' title='bbox 1142 3934 1261 4005; x_wconf 88' lang='lat' dir='ltr'><strong>superat</strong></span> <span class='ocrx_word' id='word_1_256' title='bbox 1270 3926 1411 3988; x_wconf 84' lang='lat' dir='ltr'><strong>sacrificia</strong></span> 
     </span>
     <span class='ocr_line' id='line_1_35' title="bbox 237 4033 746 4115; baseline -0.002 -19"><span class='ocrx_word' id='word_1_257' title='bbox 237 4033 276 4097; x_wconf 90' lang='lat' dir='ltr'><strong>V.</strong></span> <span class='ocrx_word' id='word_1_258' title='bbox 291 4033 327 4097; x_wconf 82' lang='grc' dir='ltr'><strong>Τ.</strong></span> <span class='ocrx_word' id='word_1_259' title='bbox 342 4033 449 4115; x_wconf 87' lang='lat' dir='ltr'><strong>typica.</strong></span> <span class='ocrx_word' id='word_1_260' title='bbox 465 4033 552 4098; x_wconf 83' lang='lat' dir='ltr'>VIII.</span> <span class='ocrx_word' id='word_1_261' title='bbox 573 4033 678 4098; x_wconf 90' lang='lat' dir='ltr'><strong>l-X.</strong></span> <span class='ocrx_word' id='word_1_262' title='bbox 698 4035 746 4098; x_wconf 87' lang='grc'><strong>18.</strong></span> 
     </span>
    </p>

    <p class='ocr_par' dir='ltr' id='par_1_18' title="bbox 237 4137 1410 4314">
     <span class='ocr_line' id='line_1_36' title="bbox 325 4137 1410 4204; baseline -0.002 -1"><span class='ocrx_word' id='word_1_263' title='bbox 325 4138 401 4203; x_wconf 85' lang='lat' dir='ltr'><strong>Seot</strong></span> <span class='ocrx_word' id='word_1_264' title='bbox 421 4142 447 4204; x_wconf 94' lang='grc'><strong>1.</strong></span> <span class='ocrx_word' id='word_1_265' title='bbox 472 4140 606 4204; x_wconf 88' lang='lat' dir='ltr'><strong>Chsistus</strong></span> <span class='ocrx_word' id='word_1_266' title='bbox 621 4141 650 4202; x_wconf 93' lang='lat' dir='ltr'><strong>in</strong></span> <span class='ocrx_word' id='word_1_267' title='bbox 666 4138 831 4202; x_wconf 86' lang='lat' dir='ltr'><strong>sanctuario</strong></span> <span class='ocrx_word' id='word_1_268' title='bbox 846 4137 961 4201; x_wconf 90' lang='lat' dir='ltr'><strong>coelesti</strong></span> <span class='ocrx_word' id='word_1_269' title='bbox 971 4138 1201 4201; x_wconf 87' lang='lat' dir='ltr'><strong>continuosuum</strong></span> <span class='ocrx_word' id='word_1_270' title='bbox 1215 4139 1298 4200; x_wconf 82' lang='lat' dir='ltr'><strong>offert</strong></span> <span class='ocrx_word' id='word_1_271' title='bbox 1318 4140 1410 4202; x_wconf 92' lang='lat' dir='ltr'><strong>sacri·</strong></span> 
     </span>
     <span class='ocr_line' id='line_1_37' title="bbox 237 4246 548 4314; baseline 0.013 -4"><span class='ocrx_word' id='word_1_272' title='bbox 237 4246 332 4310; x_wconf 85' lang='lat' dir='ltr'><strong>licium</strong></span> <span class='ocrx_word' id='word_1_273' title='bbox 346 4246 434 4311; x_wconf 92' lang='lat' dir='ltr'>VIII.</span> <span class='ocrx_word' id='word_1_274' title='bbox 454 4250 548 4314; x_wconf 81' lang='grc'><strong>1-5.</strong></span> 
     </span>
    </p>

    <p class='ocr_par' dir='ltr' id='par_1_19' title="bbox 325 4351 1409 4427">
     <span class='ocr_line' id='line_1_38' title="bbox 325 4351 1409 4427; baseline -0.003 -9"><span class='ocrx_word' id='word_1_275' title='bbox 325 4354 401 4418; x_wconf 81' lang='lat' dir='ltr'><strong>Soet</strong></span> <span class='ocrx_word' id='word_1_276' title='bbox 417 4356 582 4420; x_wconf 71' lang='lat' dir='ltr'><strong>artavum</strong></span> <span class='ocrx_word' id='word_1_277' title='bbox 599 4357 722 4427; x_wconf 85' lang='lat' dir='ltr'><strong>Foedus,</strong></span> <span class='ocrx_word' id='word_1_278' title='bbox 745 4352 828 4416; x_wconf 86' lang='lat' dir='ltr'><strong>cuius</strong></span> <span class='ocrx_word' id='word_1_279' title='bbox 850 4355 992 4415; x_wconf 87' lang='lat' dir='ltr'><strong>mediator</strong></span> <span class='ocrx_word' id='word_1_280' title='bbox 1014 4352 1127 4414; x_wconf 84' lang='lat' dir='ltr'><strong>exstitit</strong></span> <span class='ocrx_word' id='word_1_281' title='bbox 1148 4351 1292 4425; x_wconf 86' lang='lat' dir='ltr'><strong>Christus,</strong></span> <span class='ocrx_word' id='word_1_282' title='bbox 1315 4353 1409 4415; x_wconf 89' lang='lat' dir='ltr'><strong>multo</strong></span> 
     </span>
    </p>
   </div>
   <div class='ocr_carea' id='block_1_3' title="bbox 0 0 1552 4892">
    <p class='ocr_par' dir='ltr' id='par_1_20' title="bbox 0 0 1552 4892">
     <span class='ocr_line' id='line_1_39' title="bbox 0 0 1552 4892; baseline 0 0"><span class='ocrx_word' id='word_1_283' title='bbox 0 0 1552 4892; x_wconf 95' lang='lat' dir='ltr'><strong> </strong></span> 
     </span>
    </p>
   </div>
  </div>
 </body>
</html>
