3094 4892
261 325 305 391 32
543 319 583 371 Da
598 320 652 372 looo
670 326 695 371 ct
712 327 821 386 tempore
839 321 985 372 exultationis
1004 320 1132 385 epistolas

263 512 293 564 et
309 522 335 563 v.
351 502 403 568 23.
419 498 571 580 pmmittit,
592 521 623 562 sc
638 501 675 560 ad
691 499 757 561 illos
781 519 843 562 esse
858 509 1019 566 venturum.
1051 497 1145 578 Atqui
1160 495 1433 578 Hierosolymitani,

261 609 339 690 apud
355 627 427 690 quos
441 606 590 687 apostolus
604 605 634 668 in
649 623 762 666 summo
777 604 855 666 vitae
864 603 990 686 periculo
1005 613 1216 677 eratversatus,
1232 625 1297 666 eum
1308 603 1431 666 videndi

263 713 401 776 desiderio
410 713 543 776 vixadeo
552 713 723 793 flagrabunt,
732 711 830 789 eisque
844 711 994 791 apostolus
1008 730 1066 772 non
1080 711 1123 772 ita
1138 710 1357 792 scripsisset-
1371 710 1434 770 Ast

265 841 322 884 non
337 819 502 882 auctoribus
511 819 532 880 J
535 815 806 880 adaco-christianis
813 815 1087 890 Palaestinensibus,
1102 819 1151 878 sed
1167 817 1187 879 J
1189 817 1287 880 udaeis
1302 815 1434 880 asiaticis
1536 889 1537 892 Ἴ

262 927 374 988 Paulus
388 935 457 988 ante
479 923 708 1006 quinquennium
730 921 856 984 tumulto
878 922 1005 984 excitato
1021 924 1231 1004 Hierosolymis
1254 923 1284 984 in
1309 923 1432 985 vincula
1536 929 1537 1006 ζ

261 1041 325 1096 erat
339 1032 483 1094 coniectus
499 1027 581 1114 (Act.
597 1029 687 1090 XXI.
704 1028 780 1110 22).
811 1028 965 1090 Praeterea
980 1028 1114 1109 quamvis
1130 1049 1189 1090 uon
1204 1031 1339 1092 deessent
1353 1029 1432 1090 inter

262 1140 283 1202 J
284 1136 549 1202 udseoohristianos
558 1134 800 1208 Palaestinenses,
809 1135 961 1215 praecipue
970 1134 1259 1216 Hierosolymitanos,
1274 1135 1324 1218 qui
1334 1135 1431 1196 Paulo

265 1245 395 1326 gentium
410 1242 517 1306 doctori
534 1242 628 1304 minus
643 1243 786 1315 faverent3
809 1241 893 1321 louge
907 1239 1038 1302 maxima
1053 1251 1152 1303 tamen
1173 1259 1270 1304 eorum
1287 1260 1355 1322 pars
1371 1262 1431 1302 non

262 1361 375 1432 poterat
391 1369 448 1412 nou
463 1368 577 1411 summo
592 1347 714 1410 animari
730 1346 877 1419 desiderio
893 1348 986 1409 denuo
1001 1346 1117 1410 videndi
1128 1347 1231 1424 virum,
1246 1349 1429 1410 cuiusamori

261 1477 296 1519 ac
311 1454 496 1518 sollicitudini
512 1455 712 1535 eleemosynas
720 1456 750 1516 in
760 1453 887 1516 externis
900 1452 1025 1516 ecclesiis
1034 1453 1170 1516 collectas
1179 1454 1307 1535 repetitis
1317 1454 1431 1516 vicibus

261 1563 291 1624 in
306 1562 430 1644 acceptis
445 1562 616 1634 referebant,
627 1561 747 1642 ideoque
756 1578 808 1641 pro
824 1559 885 1622 eius
894 1558 1074 1621 restitutione
1089 1578 1178 1626 orare.
1209 1559 1344 1622 Ceterum
1354 1581 1430 1642 apo·
1536 1547 1537 1562 l

262 1669 355 1732 stolus
371 1669 483 1732 nullum
500 1667 658 1749 periculum
673 1667 777 1730 metuit
799 1685 936 1748 unquam,
951 1665 975 1728 si
989 1683 1050 1728 rem
1072 1665 1259 1729 christianam
1278 1668 1345 1730 inde
1359 1685 1431 1748 pro-

262 1775 369 1838 moveri
385 1785 495 1840 certum
510 1775 659 1850 habebat;
675 1775 772 1855 plures
787 1773 864 1836 enim
879 1775 973 1846 urbes,
995 1772 1131 1853 equibus
1146 1774 1245 1854 fugam
1261 1793 1362 1856 capere
1378 1795 1430 1836 co-
1536 1829 1537 1856 ,

261 1893 343 1948 actus
358 1883 404 1945 vel
420 1883 449 1943 vi
472 1902 507 1944 uc
529 1881 667 1944 seditione
688 1881 798 1961 pulsus,
821 1880 851 1941 in
873 1879 978 1960 quibus
1000 1880 1030 1942 in
1052 1897 1191 1942 carcerem
1214 1881 1356 1944 coniectus
1380 1881 1429 1942 vel
1536 1947 1537 1952 η

261 1989 407 2072 lapidibus
422 1991 543 2050 obrutus
558 1997 629 2060 erat,
645 1989 738 2048 denuo
754 1985 860 2051 invisit.
892 1983 950 2046 flur
959 1984 1045 2066 igitur
1054 1986 1166 2048 Paulus
1181 1988 1347 2050 eRomana
1356 2009 1430 2070 oap—
1536 2005 1537 2010 ’

259 2097 375 2158 tivitate
391 2095 539 2169 liberatus,
555 2094 580 2154 si
596 2096 704 2156 bonum
720 2092 895 2174 reipublicae
904 2092 1078 2154 christianae
1088 2093 1116 2155 id
1127 2095 1304 2174 postulabat,
1320 2095 1430 2158 Hiero-

260 2203 405 2283 solymam
421 2201 511 2262 redire
527 2199 748 2274 reformidasset,
771 2199 884 2260 etiarnsi
908 2201 1001 2261 denuo
1017 2199 1145 2262 libertati
1165 2201 1212 2262 vel
1236 2201 1325 2282 plane
1349 2202 1430 2264 vitae

261 2329 330 2372 suae
346 2306 506 2370 timendum
530 2327 592 2368 esse
614 2306 707 2382 sciret,
730 2325 794 2368 oum
815 2315 903 2368 antea
918 2317 947 2368 ct
962 2326 981 2367 a
996 2305 1121 2387 Spiritus
1136 2329 1159 2373 s.
1181 2310 1306 2382 edoctus,
1332 2309 1429 2390 ipsum

262 2414 377 2478 vincula
391 2424 421 2476 et
435 2413 618 2476 calamitates
633 2431 758 2487 manere,
774 2412 961 2474 nihilominus
976 2423 1082 2494 tarnem
1110 2424 1143 2474 ut
1158 2433 1274 2476 munere
1290 2436 1342 2478 suo
1360 2419 1429 2479 fun·

261 2531 382 2605 geretur,
398 2520 632 2601 Hierosolymam
647 2519 685 2582 sit
700 2520 864 2600 profectus?

805 2675 830 2758 ἓ,
852 2681 882 2744 4.

376 2847 425 2904 De
447 2846 522 2904 looo
546 2849 756 2915 attempero
779 2845 989 2904 exarationis
1012 2845 1119 2904 huius
1142 2847 1317 2916 epistolae.

350 3000 417 3070 Quo
434 3002 494 3062 loco
510 3000 634 3081 epistola
649 3001 721 3063 haec
736 2999 896 3080 conscripta
911 2998 957 3072 sit,
973 3019 1080 3080 magna
1096 3010 1139 3061 est
1148 2999 1222 3062 iuter
1237 2999 1313 3062 viros
1328 3003 1429 3066 doctos
1536 2997 1537 3036 ³

262 3107 410 3180 dissensio,
433 3107 665 3187 necquidquam
688 3106 756 3168 certi
779 3108 834 3168 hac
848 3107 877 3166 in
893 3124 922 3167 re
938 3107 1071 3168 constitui
1095 3115 1198 3187 potest.
1229 3107 1429 3172 Nihilominus
1536 3095 1537 3126 ³

260 3225 358 3277 tumen
374 3213 536 3275 verosimile
561 3223 613 3286 est,
639 3233 704 3274 eam
720 3213 748 3274 iu
764 3212 867 3276 Italia
882 3222 912 3274 ct
935 3213 1031 3274 forsan
1048 3215 1170 3276 Romae
1192 3233 1253 3275 esse
1274 3214 1429 3294 scriptam3

261 3342 330 3383 nam
346 3330 446 3382 auctor
463 3320 581 3382 lectores
597 3339 663 3380 suos
678 3318 793 3380 nomine
808 3319 949 3380 Italorum
965 3320 1075 3381 salutat
1090 3319 1215 3382 scribens
1230 3320 1330 3405 (XllI.
1346 3321 1429 3404 24.):

263 3427 468 3506 ,ἀσπάζονται
484 3422 564 3512 ὑμᾶς
580 3421 608 3490 ol
623 3423 682 3490 ἀπὸ
698 3437 752 3514 τῆς
763 3421 932 3502 ’lectam
948 3427 1037 3487 verba
1047 3426 1139 3486 enim:
1157 3421 1183 3491 ol
1199 3425 1259 3491 ἀπὸ
1275 3439 1329 3516 τῆς
1345 3423 1428 3494 Ἰτα-
1536 3417 1537 3456 l

261 3537 329 3608 λὶας
359 3533 435 3595 idem
460 3535 599 3594 denotant
623 3551 671 3592 ac:
697 3525 724 3596 oi
752 3528 910 3599 Ἰταλῶται
932 3533 993 3616 (cfr.
1009 3533 1098 3593 Mtth.
1115 3531 1204 3594 XXI.
1227 3537 1285 3608 ll.;
1303 3534 1369 3596 Act.
1386 3535 1428 3600 X.

262 3643 328 3715 38.;
343 3640 448 3704 XVII.
468 3639 534 3711 13.;
552 3637 682 3718 Philipp.
700 3637 883 3733 1v322.);)
910 3649 1058 3720 praeterea
1082 3638 1210 3720 plerique
1235 3639 1283 3720 qui
1299 3639 1429 3703 Paulum
1536 3709 1537 3722 p

261 3766 430 3828 quocunque
455 3746 540 3806 modo
564 3754 709 3806 auctorem
734 3745 873 3826 epistolae
898 3765 958 3806 esse
988 3745 1155 3818 admittunt,
1183 3765 1247 3806 eam
1271 3758 1428 3826 praeeunte
1536 3733 1537 3748 ¹

263 3851 482 3934 Obrysoatomo
505 3861 535 3914 et
557 3851 779 3934 floeodoretffl)
801 3853 915 3914 Romae
937 3861 1088 3912 exaratam
1111 3873 1172 3913 esse
1194 3853 1359 3926 offirmtum
1382 3853 1428 3915 cui

260 3957 388 4038 opinioni
411 3957 499 4017 etiam
523 3957 694 4037 subscriptio
717 3958 745 4018 in
768 3958 862 4018 codice
884 3957 1105 4020 Alexandrino
1129 3959 1286 4021 consentit:
1309 3957 1427 4046 ἐγράφη

261 4063 320 4130 ἀπὸ
337 4059 469 4150 Ῥώμης.

353 4237 372 4306 ¹)
391 4240 441 4289 Cir.
461 4237 571 4304 Bs’spiny
590 4241 607 4294 l.
626 4255 646 4290 c.
666 4237 703 4290 St.
723 4235 766 4288 28.

352 4326 372 4400 ⁹)
392 4325 583 4393 chrysostomos
601 4329 626 4377 in
646 4343 683 4393 ap.
703 4330 734 4378 ad
754 4329 827 4378 Rom.
846 4328 943 4394 Prolog.
965 4326 1133 4380 Theodorotus
1151 4331 1248 4398 Prolog.
1266 4332 1292 4384 iu
1311 4330 1386 4384 Rom
