3064 4894
239 275 282 340 76
665 274 790 338 Exposita
808 269 983 322 illle-1¹1.

237 453 397 526 inelnnnnr,
414 463 447 516 ut
461 453 651 516 adhaerentia
667 455 738 514 liaeo
753 452 807 514 site
823 453 865 532 (r.
879 449 943 535 13.)
958 451 1151 513 adhortamini
1159 471 1214 512 vos
1223 452 1423 515 invioemeto

240 559 282 645 (v.
302 559 368 646 15.)
383 561 452 642 quia
466 557 586 623 dieitur:
607 560 711 632 Hodie,
733 559 758 620 si
779 575 880 621 roeem
902 569 955 623 ete.
984 560 1034 620 lta
1057 575 1125 620 vero
1148 558 1293 639 languida
1317 561 1424 622 existit

238 669 337 731 oratio.
368 667 477 730 Adime
491 667 587 732 aliis.
600 668 649 735 15.
666 685 716 748 per
725 685 755 730 se
765 665 1028 746 sumnutetprida
1041 667 1148 726 verbm
1162 665 1271 738 Hodie,
1281 666 1422 730 sivoeern

240 775 302 838 eius
317 775 476 847 audieritis,
492 793 509 836 e
524 775 638 856 psalmo
652 775 751 848 titula
765 773 878 854 reliqna
892 781 992 834 autem
1009 757 1103 834 ‘verbe
1121 773 1216 853 ipsius
1238 773 1334 835 Pauli
1355 793 1424 836 esse
1499 839 1500 846 ,

243 893 385 955 statuunt,
410 884 465 944 hon
477 901 578 944 sensu:
602 883 681 944 Dum
697 881 808 954 dieitur,
831 881 946 962 psalmo
967 879 1074 942 soilioet
1095 877 1231 942 laudam:
1254 882 1379 954 Hodie,
1396 882 1421 942 si

240 1007 338 1053 venem
355 989 417 1052 eius
431 987 588 1062 audieritis,
603 991 672 1051 dnm
682 989 723 1051 eiu
736 990 821 1050 vobis
829 989 1016 1061 amittuntur,
1037 987 1135 1061 nolite,
1147 1002 1259 1068 preoor,
1269 990 1420 1052 obdurare

239 1099 324 1160 eorda
340 1105 437 1158 restra
452 1105 505 1158 eto.
536 1097 595 1158 Ast
618 1115 683 1159 oum
705 1097 802 1158 omnia
825 1097 914 1156 verim
937 1096 966 1158 h.
988 1095 1011 1158 l.·
1031 1096 1152 1156 renitata
1174 1115 1190 1156 e
1212 1096 1334 1177 psalmo
1358 1099 1419 1159 sint

239 1203 340 1286 petite,
357 1203 454 1265 durior
469 1219 539 1264 sene
552 1205 630 1266 ratio
644 1221 706 1266 esse
719 1203 843 1277 ridetur,
859 1203 955 1284 priora
968 1213 1003 1264 ut
1018 1202 1147 1276 citatum
1163 1203 1337 1284 postennia,
1352 1204 1417 1266 sine

238 1310 299 1372 ullo
316 1309 428 1382 indicio,
443 1320 476 1371 ut
490 1311 582 1392 ipsius
596 1311 741 1392 soriptoris
756 1313 846 1373 verba
860 1319 999 1392 mentam.
1006 1309 1033 1396 ¹)
1064 1309 1354 1392 Sedsimplioissima
1369 1321 1416 1373 est

237 1415 312 1480 ratio
328 1433 440 1492 eorum,
465 1418 514 1499 qui
536 1419 800 1486 versum15.oum
822 1418 1003 1500 praecedenti
1024 1418 1126 1480 intime
1147 1418 1280 1498 inugrmt,
1302 1429 1336 1480 et
1358 1419 1416 1490 isio

236 1525 306 1606 quid
322 1525 361 1588 sit
371 1524 446 1588 iilud
456 1533 548 1613 μέχρι
564 1529 672 1600 telone
688 1529 729 1602 (v
744 1527 808 1608 14.)
823 1525 1151 1608 abspostoloexplioari
1161 1529 1307 1618 statuunt
1323 1525 1415 1606 Apo-

236 1633 329 1696 stolus
345 1631 490 1706 nimirnm,
506 1651 571 1696 oum
587 1633 737 1705 docuisset,
759 1651 810 1696 nos
832 1653 895 1694 esse
908 1633 1018 1695 Christi
1040 1633 1203 1714 participes,
1226 1649 1251 1692 sr
1242 1621 1358 1694 fidem
1374 1636 1414 1695 ad

236 1743 322 1803 linem
339 1756 431 1822 usque
445 1743 559 1803 lirmam
574 1740 785 1813 retinuerimus,
801 1759 878 1803 nuno
891 1741 981 1813 donet,
997 1739 1221 1821 quidnamque
1236 1741 1413 1822 adfinem

235 1867 287 1911 nos
302 1865 407 1929 nempe
422 1847 513 1910 ddem'
525 1847 638 1909 firmam
655 1846 767 1909 tamdiu
781 1850 903 1910 retinere
920 1849 1031 1920 debere,
1047 1847 1186 1927 quamdiu
1209 1845 1294 1908 nobis
1308 1847 1412 1910 aeole-

234 1965 346 2017 matur:
362 1953 466 2027 Hodie,
489 1953 514 2015 si
530 1973 631 2017 rooem
645 1953 706 2016 eins
722 1953 870 2017 audieritis
876 1973 885 2030 ;
909 1955 927 2020 i.
944 1973 967 2019 e.
988 1951 1126 2034 quamdin
1149 1967 1287 2035 praesens
1309 1945 1412 2035 agitur

236 2071 353 2142 tempus
368 2061 447 2121 vitae
463 2069 587 2132 nostrae,
602 2060 741 2140 quamdiu
756 2079 857 2124 vooem
872 2061 926 2124 Dei
941 2081 994 2123 nos
1009 2061 1193 2124 adhortantis
1208 2061 1356 2127 audimus.

324 2205 351 2247 ι.
371 2185 421 2250 16.
437 2177 522 2258 Τίνες
546 2188 604 2271 γὰρ
627 2183 811 2260 &tolonense
833 2191 1071 2274 παρεπίκραναν;
1096 2181 1169 2251 ἀλλ’
1194 2181 1239 2251 οἰι
1252 2181 1365 2262 πάντες
1380 2185 1409 2252 oi

234 2291 410 2367 ἐξελθόντες
420 2287 452 2366 ἐξ
462 2288 615 2376 Ainianes
626 2289 854 2368 διᾰΜωῦσέως;
869 2330 901 2340 -
914 2289 1151 2374 interrogationis
1161 2291 1275 2374 signum
1284 2293 1314 2355 ln
1323 2303 1409 2357 utro-
1443 2329 1445 2338 ν

234 2421 289 2482 que
304 2397 391 2461 huius
406 2417 507 2461 versus
522 2399 652 2462 membro
661 2404 705 2462 est
714 2401 894 2482 ponendum;
910 2421 978 2463 nam
989 2422 1045 2464 nou
1055 2416 1212 2482 pronomen
1221 2383 1406 2463 indefinitum

234 2493 323 2582 τινὲς,
335 2503 463 2589 quidam,
479 2509 528 2569 sed
545 2503 625 2590 (oum
641 2505 794 2585 Peeolsito,
813 2503 1043 2592 Clnpsoetomo,
1061 2497 1407 2571 moueretdetreeenss

232 2613 355 2676 tioribus
371 2609 507 2698 oritioiel)
524 2599 681 2694 pronomen
697 2613 934 2695 interrogativum
949 2621 1033 2690 ιίνις,
1049 2616 1176 2696 quinam,
1192 2609 1222 2680 ir.
1237 2615 1257 2681 l.
1273 2634 1346 2676 vera
1362 2627 1406 2677 est

232 2719 324 2783 leotio.
356 2720 520 2802 Apostolus
537 2720 612 2782 enim
634 2719 723 2782 etiam
738 2741 785 2782 vv.
805 2721 854 2787 17.
870 2729 900 2784 et
918 2725 977 2796 18,
999 2721 1170 2804 quibusoum
1193 2710 1280 2784 huius
1302 2742 1404 2784 versus

231 2829 322 2890 verba
336 2825 498 2900 eoheerent,
508 2827 554 2889 bis
564 2824 694 2908 posuit
669 2851 734 2902 τισι
745 2828 877 2910 quibus?
892 2829 1101 2930 interrogando
1115 2829 1206 2891 Porro
1215 2829 1301 2892 leotro
1317 2819 1403 2904 τινὲς,

230 2935 358 3017 quidam,
381 2954 431 2995 seu
448 2933 588 3007 nonnulli,
604 2935 778 2998 senteutiam
801 2937 878 3016 parit
865 2935 1017 2999 loousilio
1039 2925 1164 2999 auotorls
1188 2931 1402 3010 adversantem,

230 3038 459 3102 elaboratione
479 3039 700 3122 affectuspleua
724 3059 840 3124 prorsus
862 3041 997 3112 alienam
1029 3041 1167 3117 Quinem,
1190 3027 1317 3151 quaerit
1326 3051 1422 3125 apo-'

230 3147 330 3219 stolus,
346 3146 465 3228 quinam
481 3147 557 3209 enim
573 3147 675 3210 audita
689 3167 759 3212 vooe
774 3149 874 3212 divina
898 3149 1096 3212 rebellarunt?
1118 3170 1211 3241 nonne
1225 3139 1335 3212 onme's
1343 3143 1399 3212 illi

229 3252 355 3318 seditiosi
372 3250 474 3335 Moyse
489 3255 560 3318 duoe
575 3275 612 3317 ex
628 3255 769 3337 Aegypto
784 3255 936 3318 exierant?
962 3255 1057 3338 Negat
1073 3233 1223 3338 apostolus
1237 3257 1316 3320 hae
1309 3267 1398 3320 mter-

229 3359 377 3441 rogatioue
392 3361 524 3424 homines
539 3361 605 3425 illos
620 3361 743 3424 rebelles
759 3383 779 3423 a
781 3363 855 3425 Deo
870 3365 999 3426 noudum
1014 3363 1160 3427 benefieiis
1170 3364 1257 3426 fuisse
1273 3364 1397 3427 affectos

229 3467 360 3529 Liberati
370 3478 438 3530 sunt
453 3488 490 3530 ex
499 3468 653 3579 eaptivitat
654 3488 669 3529 e
680 3468 873 3550 Aegyptiace,
889 3471 1077 3590 uilrilominus
1087 3477 1247 3569 tamennon
1249 3473 1397 3534 raDeum

227 3569 478 3672 rebellarunt
614 3581 616 3587 ’
1308 3581 1317 3596 ’

307 3673 344 3746 'v.
364 3685 412 3768 17.
427 3669 497 3747 Tios
514 3683 546 3746 δὲ
543 3679 758 3792 ιροςὼχθισε
774 3673 998 3772 τεσσαράκοντα
1013 3685 1085 3774 ism
1103 3709 1173 3774 ουχι
1182 3693 1244 3760 τοις
1260 3681 1395 3782 ἁμᾳριή-

230 3813 322 3862 σαοιν,
339 3787 379 3856 ὧν
396 3793 433 3854 τὰ
449 3785 692 3868 κωλᾳέιιειιονέν
694 3799 745 3878 τῇ
758 3787 930 3878 ἐρήμῳμ
892 3791 1008 3854 Hoo
1017 3811 1100 3854 versu
1110 3791 1226 3874 respicit
1234 3786 1346 3856 Paulus
1355 3813 1395 3866 ea,

226 3893 346 3975 quaein
363 3893 416 3956 Ν.
432 3891 506 3988 libro
522 3891 634 3974 Moysis
661 3893 749 3960 XIV.
767 3893 907 3964 28-30
932 3888 1117 4014 legunturff,
1129 3896 1209 3996 Vivo
1234 3919 1345 3981 epo
1336 3903 1395 4007 ia
1419 3963 1422 3966 ,

287 4087 712 4278 wlfgelgtmemomla,
666 4141 712 4207 St,
733 4103 843 4222 138.4,;
863 4143 1051 4231 Bimipplm,
1070 4100 1106 4200 St.
1127 4143 1208 4208 941.
1219 4083 1396 4226 'dandulo

224 4231 292 4287 l..‚o
311 4226 340 4278 St
505 4242 507 4250 ¹
588 4239 591 4246 '

314 4305 404 4387 poa
423 4317 576 4370 neaeman
596 4323 614 4372 1.
633 4337 663 4381 ι,
682 4319 719 4373 se.
739 4304 798 4374 tae.
818 4319 835 4374 ι.
920 4324 922 4332 ’
985 4324 987 4334 ’
