3064 4894
576 309 701 385 Expositis
720 319 763 370 IX.
784 326 807 369 4.
828 321 851 372 5.
1235 320 1295 386 141

130 498 269 579 proprius,
286 498 340 561 diui
356 498 594 580 omninopotuit:
611 497 833 561 sanctissimum
842 497 916 560 illud
926 499 1065 568 habebut,
1082 496 1098 558 i.
1115 517 1139 557 e.
1156 495 1297 560 udSuno-

129 605 273 667 tissimum
289 605 460 687 pertinebat.
493 604 554 666 Alii
571 615 733 678 assumunt,
749 604 930 667 thuribulum
947 621 1067 664 aureum
1083 621 1196 684 semper
1212 603 1297 664 fuisse

128 713 158 773 iu
174 711 362 774 Sanctissimo
377 720 574 787 asservatum
596 722 625 773 et
640 730 739 773 revera
755 710 828 773 nihil
845 711 974 791 impedit,
998 709 1151 791 quominus
1174 711 1228 772 hoo
1242 711 1297 771 ad·

128 819 320 896 mittamusl).
351 815 436 886 Quod
453 817 576 878 alteram
599 818 800 878 difficultatem
825 817 939 890 attinet,
962 817 1039 897 quod
1063 815 1169 877 soiiioet
1191 825 1297 888 auctor,

128 925 152 986 si
168 929 367 1012 θυμιατήριον
384 923 565 985 thuribulum
575 924 725 1004 signifieat,
741 925 843 985 altaris
852 923 968 985 suffitus
985 923 1097 984 uuilam
1113 921 1202 984 faeiat
1213 941 1296 985 men-

129 1033 245 1105 tionem,
270 1041 370 1093 auotor
386 1031 446 1112 ipse
467 1051 493 1095 v,
517 1030 545 1093 5.
569 1034 684 1103 fatetur,
706 1051 737 1092 se
759 1033 794 1091 de
817 1028 989 1111 supelleetili
1012 1047 1094 1090 suom
1116 1028 1193 1090 nolle
1215 1033 1294 1093 κατά

129 1145 230 1224 μέρος,
246 1156 297 1219 per
319 1137 433 1218 singula
458 1137 543 1218 loqui.
561 1173 600 1183 -
618 1140 746 1220 κιβωτὸς
763 1149 817 1226 τῆς
833 1139 1005 1223 hrottaum
1032 1135 1060 1196 iu
1085 1134 1160 1197 libro
1177 1136 1297 1197 Euodus

128 1245 235 1306 XXV.
254 1245 302 1310 10.
319 1265 356 1306 ss.
373 1243 484 1324 legitur,
501 1261 599 1305 arsam
614 1241 669 1304 Dei
686 1243 764 1304 iussu
780 1247 887 1305 fastam
905 1263 940 1304 ex
957 1242 1043 1322 liguis
1059 1241 1154 1314 setim,
1177 1252 1206 1302 et
1228 1259 1298 1304 auro

130 1350 282 1432 purissimo
299 1353 376 1413 intus
392 1371 426 1411 ao
441 1350 688 1424 thrisobduotmu3
704 1348 807 1412 dieitur
816 1367 883 1410 arua
887 1349 1036 1430 foederis,
1048 1347 1117 1428 quia
1132 1348 1299 1410 oontinebat

129 1457 247 1520 tabulas
264 1457 341 1538 legis,
357 1477 432 1538 quae
448 1465 512 1518 erat
526 1455 650 1518 oouditio
665 1455 786 1518 foederis
802 1455 876 1517 inter
893 1457 987 1517 Deum
1002 1463 1032 1516 et
1047 1455 1211 1530 Hebraeos3
1229 1455 1295 1518 hino

129 1565 233 1628 dieitur
248 1583 361 1646 quoque
376 1563 442 1625 aliis
458 1562 486 1625 in
503 1562 573 1625 loeis
588 1581 655 1626 area
671 1565 850 1637 testimonii,
867 1562 884 1624 i.
900 1582 924 1624 e.
949 1561 1027 1642 legis,
1051 1581 1126 1642 quae
1148 1560 1230 1624 testis
1255 1574 1298 1623 est

131 1671 291 1736 voluntatis
307 1671 430 1743 divinae,
447 1671 507 1732 sive
523 1670 592 1751 quid
602 1671 681 1732 Deus
698 1668 768 1731 velit
784 1671 896 1731 anobis
912 1669 979 1732 fieri.
991 1703 1034 1713 -
1050 1674 1182 1754 στάμνος
1198 1682 1297 1758 χρυσῆ

130 1779 245 1866 ἔχουσα
269 1783 302 1843 τὸ
326 1785 436 1864 μάννας
461 1775 576 1858 respicit
599 1778 635 1838 ad
659 1775 809 1838 historiam
836 1777 954 1838 Euodus
976 1775 1064 1836 XVI.
1091 1777 1161 1841 32
1181 1777 1231 1846 34,
1250 1775 1298 1836 uhi

131 1885 235 1966 legitur
244 1884 388 1947 Dominus
399 1883 575 1965 praesepisse
587 1881 690 1964 Moysi,
707 1893 740 1944 ut
750 1884 785 1944 de
802 1881 1038 1944 mauuuooelitus
1053 1883 1122 1944 dato
1138 1901 1190 1943 vas
1208 1901 1297 1944 uuum

129 1989 271 2071 impleret,
287 1990 372 2071 idque
387 2001 536 2071 reponeret
551 2007 647 2053 noram
663 1989 795 2060 Domino,
820 1991 856 2051 ad
877 1989 1052 2050 servandum
1075 1987 1103 2048 in
1120 1989 1232 2050 futuras
1247 2009 1298 2070 go-

130 2096 299 2161 uerationes.
317 2132 357 2142 -—
375 2095 395 2184 ἡ
412 2092 525 2182 ῥάβδος
542 2093 679 2181 Ἀαρώνς
705 2095 783 2159 iosus
800 2103 844 2156 est
861 2096 947 2156 Num.
964 2095 1069 2159 XVII.
1090 2095 1147 2166 lo,
1173 2095 1221 2156 ubi
1238 2095 1298 2157 vir-

128 2225 195 2286 gam
212 2205 321 2274 Aaron,
338 2222 412 2283 quae
428 2219 479 2283 pro
495 2201 710 2270 confirmatione
726 2201 876 2264 sacerdotii
900 2201 960 2263 eius
982 2201 1045 2263 sola
1067 2201 1141 2264 iuter
1164 2202 1298 2266 tredecim

130 2311 226 2391 virgas
241 2307 461 2391 germinaverat,
478 2309 617 2389 floresque
634 2307 777 2380 emiserat,
800 2307 883 2370 iussit
898 2308 1040 2370 Dominus
1062 2307 1091 2370 in
1113 2309 1299 2372 tabernaculo

129 2417 250 2480 foederis
265 2415 415 2479 asservari.
434 2415 541 2478 ——Sed
558 2415 605 2477 hio
619 2415 733 2496 exurgit
742 2415 882 2496 quaestio,
898 2416 1040 2494 quomodo
1050 2414 1127 2478 dicat
1141 2415 1299 2498 apostolus,

127 2524 157 2586 in
173 2542 241 2586 arua
255 2522 343 2585 fuisse
358 2523 431 2584 haee
454 2522 523 2584 tria:
548 2539 650 2584 urnam
675 2523 833 2586 habentem
855 2542 972 2595 unauna,
986 2519 1252 2612 uirgam-Aaronis
1269 2531 1298 2583 et

128 2630 247 2691 tabulas
262 2628 348 2709 legis3
374 2649 439 2692 oum
461 2629 545 2692 iuxta
562 2629 638 2692 looos
655 2629 773 2691 biblioos
796 2629 902 2704 [Exod.
920 2629 1007 2692 XVI.
1029 2630 1185 2705 32*34.;
1211 2629 1297 2697 Num.

129 2737 232 2798 XVII.
253 2737 316 2811 lO.;
343 2738 364 2799 l.
381 2735 452 2816 Reg.
470 2736 555 2798 vin.
580 2737 625 2808 9.;
653 2737 691 2797 il.
708 2735 813 2799 Ohrou.
831 2736 869 2796 V.
890 2732 953 2818 10.)
981 2753 1052 2796 urna
1076 2745 1105 2796 et
1127 2734 1209 2816 virga
1231 2746 1299 2798 ante

128 2861 235 2916 aream,
252 2852 281 2904 et
297 2862 352 2905 non
368 2842 398 2903 iu
414 2860 481 2905 area
496 2842 654 2906 oolloostao
680 2840 807 2905 fuissent.
827 2878 866 2889 -
884 2843 943 2903 Ast
958 2841 1120 2921 Apostolus
1142 2861 1199 2904 uon
1222 2841 1298 2915 dicit,

129 2950 198 3031 quid
213 2969 246 3012 eo
263 2960 398 3030 tempore,
414 2968 471 3029 quo
487 2948 630 3030 templum
647 2959 824 3012 exstruetum
841 2957 893 3021 est,
918 2950 968 3011 sed
984 2947 1052 3030 quid
1077 2957 1165 3010 autea
1185 2949 1217 3011 iu
1232 2968 1300 3012 arou

128 3056 307 3119 reoonditum
322 3055 423 3130 fuerit3
440 3053 575 3117 nimirum
591 3054 644 3116 illa
661 3055 719 3118 tria
734 3064 910 3129 memorata3
933 3074 998 3118 cum
1020 3064 1121 3136 aperte
1143 3057 1179 3118 de
1200 3059 1299 3119 taber-

130 3162 232 3226 naoulo
248 3163 338 3224 verba
354 3161 451 3226 t'soiat.
476 3163 607 3224 Durante
617 3172 716 3224 autem
727 3161 922 3236 tabernaculo,
932 3161 985 3224 etsi
995 3181 1052 3224 uon
1068 3161 1179 3243 exipse
1189 3163 1299 3244 Moysis

131 3268 320 3342 institutione,
337 3276 450 3349 praeter
466 3267 584 3331 tubulus
601 3269 670 3350 legis
685 3267 774 3332 etiam
791 3288 843 3330 ves
859 3288 924 3331 oum
941 3287 1048 3330 ruunua
1065 3279 1094 3330 et
1110 3269 1221 3350 virgam
1232 3269 1299 3332 Aa·

131 3375 208 3438 rouis
224 3375 254 3437 in
269 3373 333 3456 ipsu
349 3393 417 3437 area
438 3385 588 3438 asservata
604 3376 699 3448 fuisse,
721 3375 836 3438 traditio
858 3385 903 3437 est
923 3375 1094 3438 Iudaeorum
1118 3376 1298 3458 perantiqua,

130 3501 218 3564 quam
242 3480 410 3543 observavit
425 3482 611 3545 Atarouuet
633 3480 797 3564 (somment.
822 3483 897 3544 adl.
914 3483 985 3562 Reg.
1009 3483 1093 3545 VIIl.
1111 3481 1153 3566 9.)
1176 3486 1215 3545 ob
1230 3502 1299 3546 eru-

129 3587 268 3651 ditionem
284 3607 368 3650 suam
384 3588 510 3650 multum
526 3587 687 3651 celebratus
702 3587 824 3670 scriptor
839 3587 946 3651 saeculi
961 3587 1033 3651 XV.
1069 3587 1218 3653 Consentit
1233 3589 1300 3653 huis

128 3693 276 3757 traditioni
298 3695 322 3758 1.
345 3694 417 3776 Reg.
435 3695 521 3758 VIII.
538 3696 568 3760 9.
584 3705 613 3757 et
636 3696 674 3762 ΙΙ.
691 3696 795 3760 Obron.
811 3695 851 3756 V.
871 3696 928 3768 10,
951 3707 980 3756 et
996 3695 1149 3778 Iosephus
1165 3697 1299 3761 Flavius

83 3853 87 3862 ,
130 3800 248 3886 (Antiq.
258 3801 344 3864 VIIl.
360 3803 390 3866 4.
410 3797 462 3884 1.),
478 3800 502 3862 si
518 3811 645 3874 narrant,
662 3801 965 3884 temporeSalomonis
982 3801 1011 3862 iu
1021 3819 1088 3863 urea
1103 3802 1297 3867 solummodo

128 3909 248 3971 tabulas
265 3907 335 3988 legis
350 3906 484 3970 inventas
500 3907 597 3981 fuisse,
620 3918 649 3969 et
671 3909 711 3970 sio
727 3910 813 3973 tacite
830 3909 963 3981 innuunt,
986 3907 1065 3988 prius
1090 3907 1164 3970 alias
1186 3928 1298 3991 quoque

128 4033 174 4078 res
189 4014 297 4078 ibidem
313 4012 402 4076 fuisse
417 4023 589 4077 asservatas.

219 4141 246 4182 v.
263 4121 292 4188 5·
308 4115 445 4204 ὑπεράνω
462 4122 495 4185 δὲ
511 4117 604 4211 αὐτῆς
620 4121 775 4208 Χερουβὶμ
795 4122 894 4208 δόξης,
911 4125 1153 4196 κατασκιάζοντα
1176 4125 1208 4187 τὸ
1224 4117 1294 4188 ἱλα-

128 4277 342 4296 ...ι-ὴ-

223 4349 244 4414 ¹)
262 4350 344 4402 vids:
364 4347 472 4418 Bs‘sps'up
492 4352 509 4402 1.
528 4367 566 4413 ας
586 4349 623 4404 St.
645 4350 705 4408 191.
