3096 4886
410 335 413 338 ·
492 371 497 378 .
553 320 680 389 υιμου
698 319 865 381 mua-s.
1222 318 1289 404 219

120 499 235 588 ΧΙΠ.),“
250 503 301 584 qui
314 503 414 584 itaque
429 503 458 568 h.
474 503 494 564 l.
509 516 578 570 ,νουο
593 524 678 579 τινος,
688 501 818 584 quidam,
833 509 902 578 sunt
916 497 1102 580 inteiligeudi.
1114 532 1154 548 --
1165 495 1288 560 huntio

122 611 242 677 ἔλαθον
257 613 420 685 ξενίσαντες
435 611 509 672 bena
523 627 626 690 graeca
641 619 693 684 est,
709 618 738 669 et
752 611 831 689 apud
846 607 971 688 optimos
980 605 1131 686 scriptores
1140 600 1288 684 reperitur.

126 715 271 800 Volpoto
285 717 374 781 vertit
388 717 484 778 minus
498 725 589 778 reote:
610 737 687 798 ,ρον
701 717 782 780 bono
806 716 890 778 enim
905 712 1068 776 lutumst
1082 711 1212 791 puidam
1227 701 1288 770 οιιέ

118 823 199 906 polis
213 825 350 906 bospitio
364 825 531 906 σισυρῶν
548 821 653 887 elarius
667 821 848 886 Erasmus:
873 840 951 903 ‚por
965 820 1045 886 tono
1060 819 1143 884 mim
1158 814 1290 904 puidam

119 932 214 995 ι’ποοίτ·
228 939 415 1016 οποοροηιιιί
434 927 563 1011 ampelos
577 929 744 1012 botrpitio.⁸
921 917 924 922 ’

208 1091 237 1133 v.
254 1072 283 1138 3.
300 1069 520 1159 Μιμνήσιιεσθε
535 1067 593 1137 τῶν
608 1069 735 1158 δεσμίων
750 1069 793 1145 ὡς
808 1071 1021 1158 συνδεδεμένοι,
1037 1083 1094 1136 τῶν
1109 1087 1289 1157 ιιαιιουχουᾱ

120 1183 217 1265 μένιον
233 1177 276 1253 ὣς
291 1183 343 1244 καί
359 1174 443 1244 αὐτοὶ
459 1175 584 1254 ὅντεςέν
600 1182 724 1266 σώματι.
735 1210 778 1224 -·
788 1175 1033 1266 Mtprpotteodoo,
1048 1193 1285 1272 memoremoese,

120 1284 270 1359 reeordari,
279 1284 309 1346 iu
318 1285 375 1348 hao
383 1283 521 1347 orationis
530 1283 601 1346 serie
606 1285 740 1347 denotat:
750 1303 849 1347 euram
857 1285 973 1358 habere„
983 1283 1223 1364 adiuvare(ntiII.
1233 1278 1288 1368 6.).

120 1389 241 1473 Spectat
255 1397 355 1453 antem
370 1391 425 1453 hoo
439 1399 626 1473 praeseptum
641 1391 747 1465 omnia
772 1391 877 1472 quibus
899 1391 938 1455 ob
952 1389 1099 1472 roligionis
1113 1389 1289 1454 christianae

121 1497 328 1579 professionem
342 1496 372 1559 in
388 1497 504 1560 vineola
518 1497 652 1561 oonieotis
675 1507 705 1560 et
719 1497 834 1560 afflictis
849 1497 981 1572 eustorii,
1003 1515 1159 1579 eorumque
1173 1495 1289 1559 miseria

120 1604 214 1666 levari
229 1605 331 1685 possit,
346 1623 404 1685 quo
418 1603 565 1685 pertinent
585 1622 691 1685 praees,
713 1604 860 1678 benefitia,
882 1589 1008 1666 oura'de
1029 1623 1128 1666 eorum
1149 1603 1244 1666 salute
1259 1613 1289 1666 et

122 1711 293 1773 liberatione
308 1719 361 1774 eto
376 1745 420 1756 —
437 1709 560 1772 Verbis:
575 1709 618 1784 ὡς
634 1711 836 1798 συνδεδεμένοι
850 1709 996 1774 indioatur
1010 1711 1137 1784 affectus,
1153 1709 1203 1791 qui
1218 1709 1288 1772 talis

119 1835 182 1878 esse
197 1817 293 1889 debet,
308 1835 343 1878 ao
356 1817 381 1877 si
397 1835 456 1878 una
471 1833 536 1878 oum
552 1815 588 1878 iis
603 1815 691 1878 vineti
706 1817 805 1891 simus,
830 1825 860 1878 et
874 1825 973 1879 nostra
996 1835 1085 1879 eausa
1108 1825 1211 1896 agatur
1226 1814 1288 1902 (ofr.

118 1919 313 1989 1.cor.x11.
335 1919 410 2004 26.).
427 1957 468 1968 ·-
491 1919 524 1988 ἐν
547 1927 662 2009 σώματι
687 1921 759 1988 εἶναι
782 1923 811 1990 b.
836 1923 855 1984 l.
880 1923 1016 1985 denotat:
1037 1923 1067 1984 in
1090 1939 1205 2002 oorpora
1227 1939 1290 1982 esse

119 2027 207 2090 maiis
222 2026 356 2100 obnoxio,
372 2045 467 2108 gerere
483 2046 586 2108 eorpus
599 2027 723 2090 mortale
737 2027 824 2090 malis
833 2028 1001 2096 obnoxium.
1025 2027 1108 2092 Solet
1116 2027 1193 2091 enim
1208 2045 1290 2092 eom-

118 2133 463 2224 miserationemmovora
472 2134 631 2197 eommunis
645 2134 806 2198 infirmitas.

207 2296 236 2338 v.
251 2277 282 2342 4.
297 2269 404 2364 Τίμιος
419 2273 436 2342 δ
453 2275 552 2364 γάμος
567 2276 599 2342 ἐν
613 2291 696 2356 πᾶσι,
711 2283 764 2346 καί
778 2278 799 2370 ἡ
814 2277 901 2368 κοίτη
911 2277 1063 2367 ἀμίαντος·
1086 2285 1219 2366 πόρνους
1227 2283 1291 2368 γὰρ’,

120 2387 173 2448 καὶ
190 2385 319 2472 μοιχοὺς
334 2379 457 2472 κρινεῖδ
474 2381 558 2458 Θεός.
583 2421 626 2430 -
650 2383 787 2468 Sequitur
808 2383 968 2450 eohortatio
990 2388 1028 2448 ad
1050 2385 1228 2470 pudicitiam.
1243 2422 1288 2432 —

118 2487 170 2550 Ad
185 2493 283 2574 τίμιος
298 2489 448 2570 eogitaudo
463 2488 655 2576 adiiciendum
670 2500 730 2553 est:
746 2492 841 2569 ἕστυ;
857 2512 926 2554 nam
939 2492 1179 2574 praecedentibus
1194 2501 1224 2553 et
1239 2512 1287 2554 se-

118 2594 275 2675 quentibus
290 2584 451 2675 praeceptis
465 2595 500 2672 de
511 2595 640 2658 moribus
655 2606 685 2658 et
699 2599 800 2661 officiis
808 2597 973 2682 imperativi
989 2609 1059 2660 sunt
1073 2598 1200 2682 appositi
1210 2597 1288 2674 (ooll.

119 2720 148 2762 v.
170 2701 207 2774 1.,
223 2701 263 2773 2,
278 2702 317 2774 3.,
334 2701 372 2774 7.,
389 2697 440 2784 9.).
456 2737 497 2746 -
515 2703 632 2766 Verba:
650 2701 681 2769 ἐν
696 2717 769 2769 πᾶσι
792 2705 878 2766 multi
893 2705 1055 2788 explicant:
1077 2703 1152 2766 inter
1173 2723 1287 2778 omnes;

118 2805 303 2868 matrimonio
318 2805 393 2868 inter
407 2809 605 2871 omneshonor
619 2809 771 2874 habeatur.
798 2809 856 2873 Sed
872 2831 947 2892 quae
961 2819 1128 2892 sequuntur,
1144 2807 1288 2892 flagitant,

120 2921 156 2973 ut
170 2909 201 2977 ἐν
216 2923 289 2978 πᾶσι
304 2911 401 2993 potius
416 2915 452 2975 de
466 2913 610 2988 omnibus,
635 2935 710 2998 qnae
726 2917 764 2978 ad
779 2917 997 2980 matrimonium
1019 2916 1179 2998 pertinent,
1201 2915 1287 2978 rebus

118 3017 333 3098 intelligamus3
348 3019 404 3082 hoo
419 3039 519 3082 sensnt
534 3021 626 3084 honor
640 3021 782 3104 ooniungii
804 3032 849 3084 est
864 3025 1030 3097 servandus,
1051 3043 1104 3086 neo
1125 3019 1196 3098 tides
1217 3041 1289 3098 eon-¹

119 3123 210 3206 iungii
225 3141 278 3208 per
293 3124 438 3188 adulteria
452 3136 496 3188 est
509 3125 656 3203 violanda,
673 3149 725 3192 neo
739 3131 778 3191 ab
793 3127 864 3210 ipsis
882 3128 957 3192 inter
972 3150 1003 3192 se
1018 3126 1185 3214 ooniugibus
1200 3126 1287 3213 quid-

118 3249 209 3310 quam
223 3229 405 3306 admittatur,
420 3251 477 3312 qno
492 3231 568 3294 thori
584 3233 696 3313 puritas
711 3235 944 3301 oommaonletur.
962 3271 1007 3282 -
1021 3235 1072 3300 Ad
1086 3235 1191 3298 verba:
1208 3239 1284 3322 πόρ-

118 3359 189 3410 νους
204 3336 262 3422 γὰρ
278 3341 331 3402 καί
346 3340 476 3426 μοιχοὺς
491 3349 583 3422 κρινεῖ
597 3336 614 3403 δ
630 3337 706 3414 Θεός
721 3339 769 3405 οίνζ
787 3343 810 3403 Ι.
826 3339 890 3405 Cor.
909 3343 962 3406 VI.
980 3345 1010 3418 9.
1025 3365 1049 3412 s.

206 3497 234 3543 v.
250 3477 280 3544 5.
296 3475 525 3566 Ἀφιλάργυρος
540 3477 556 3544 ὁ
572 3486 690 3565 τρίπος.
706 3481 888 3571 ἆριιουμενοι
910 3497 973 3560 τοῖς
997 3496 1150 3571 παροῦσιν.
1184 3483 1284 3560 Αὐτὸς

116 3586 175 3668 γὰρ
193 3583 317 3670 εἴρηκεν·
341 3581 388 3650 Ob
403 3593 444 3674 μή
461 3609 494 3652 σε
510 3585 580 3661 ἀνῶ,
596 3584 660 3654 oto’
677 3585 712 3654 od
729 3598 771 3677 μή
787 3614 820 3656 σε
835 3591 1038 3675 ἐγκαταλίπω·
1055 3629 1097 3640 ·-
1107 3594 1290 3662 Dehortatur

117 3691 157 3750 ab
173 3689 307 3763 avaritia,
323 3692 399 3771 quod
415 3711 450 3753 ea
466 3691 505 3754 sit
520 3693 648 3756 omnium
663 3696 809 3759 malorum
823 3699 907 3760 radix
931 3695 993 3783 (cfr
1009 3701 1033 3762 L
1048 3699 1123 3762 Tim
1139 3699 1195 3762 VI·.
1214 3695 1295 3782 10.)..

117 3795 165 3858 Ao
179 3796 252 3858 forte
267 3796 297 3858 id
306 3797 455 3878 praecipit,
470 3801 547 3880 quod
554 3800 665 3863 videret
674 3806 815 3884 quosdam
824 3814 979 3886 praetextu
988 3805 1134 3886 egestatis,
1150 3805 1285 3884 adquam

117 3901 226 3963 redaoti
242 3911 325 3964 erant
339 3902 444 3965 iniuria
458 3908 701 3987 persequentium,
724 3909 791 3992 plus
805 3910 877 3972 satis
892 3912 1006 3972 studere
1027 3911 1067 3973 rei
1089 3911 1125 3972 de
1140 3929 1215 3972 novo
1230 3929 1286 3972 au-

117 4009 235 4088 gendae.
252 4045 295 4053 —
310 4015 421 4094 τρόπος
436 4013 556 4074 denotat
569 4015 697 4088 modum,
712 4015 815 4096 agendi
830 4017 979 4088 rationem,
1004 4018 1054 4079 sed
1069 4015 1159 4078 etiam
1174 4035 1284 4079 morem

115 4131 166 4176 seu
181 4131 282 4176 mores
296 4151 333 4160 -
345 4115 465 4178 Avarae
483 4118 649 4200 oogitationi
668 4139 774 4196 eorum,
789 4122 838 4203 qni
848 4139 961 4203 sempor
970 4131 1105 4185 metuunt
1114 4131 1282 4204 egestatem,

114 4219 236 4300 ideoque
258 4219 326 4300 plns
346 4231 635 4304 semperexpotunt
656 4225 777 4288 ooourrit
796 4225 894 4288 verbis
916 4226 1029 4292 cuttu:
1053 4225 1089 4294 ot
1112 4235 1203 4318 μήτε
1219 4227 1282 4294 ἀνῶ

112 4345 142 4389 ιι.
157 4347 183 4390 τ.
199 4327 238 4398 λ,
252 4345 328 4407 quae
341 4345 358 4388 e
373 4328 512 4392 memoria
524 4330 615 4392 oitata
629 4340 698 4393 sunt
712 4332 759 4394 vol
775 4351 791 4392 e
806 4333 892 4396 Dent
908 4333 1032 4402 XXXI.
1059 4337 1091 4412 6.
1108 4347 1161 4401 aut
1176 4337 1215 4413 8.,
1230 4337 1279 4402 vel
