3096 4886
537 385 663 455 ¹Expositdo
690 391 721 443 X.
739 388 852 440 28-25.
1216 391 1279 458 169

109 581 290 664 λελουμένοι
305 581 339 641 τὸ
362 587 448 661 σῶμα
463 571 547 640 ὕδατι
569 575 701 660 καθαρῷ
722 573 817 635 adhuc
837 573 986 633 referenda
1008 572 1136 633 suntad
1158 572 1279 632 verbum

112 686 369 771 προσερχώμεθα.
385 716 429 728 -
438 681 540 742 Verba
549 681 621 742 haec
636 681 672 741 de
687 679 803 741 lavacro
812 678 1033 741 christianorum
1048 695 1137 750 sacro,
1152 678 1188 738 de
1197 677 1280 757 Bap-

113 792 210 865 tismo,
226 799 293 851 sunt
307 789 533 870 interpretanda.
549 821 593 834 —
608 783 698 871 ὕδωρ,
713 805 791 865 aqua
806 784 1000 866 baptismalis,
1015 783 1118 846 dicitur
1132 787 1280 868 καθαρόν,

111 897 182 980 quia
196 897 257 958 vim
272 898 363 958 habet
385 895 535 977 purgandi,
551 891 620 974 quia
639 893 756 955 effectus
778 891 944 973 spirituales
966 891 996 952 in
1019 889 1124 952 animis
1144 889 1279 970 baptiza-

110 1017 207 1067 torum
222 1002 361 1084 producit,
384 1022 457 1085 quos
480 999 666 1062 lustrationes
688 999 727 1060 V.
750 1000 783 1059 F.
809 999 962 1079 producere
984 1016 1041 1059 non
1063 996 1212 1058 valebant
1236 1031 1279 1041 ——

111 1109 245 1191 Respicit
266 1119 364 1171 autem
388 1109 435 1170 his
456 1106 552 1168 verbis
574 1105 724 1186 apostolus
753 1105 916 1167 lavationes
936 1104 1124 1176 Judaeomm,
1149 1102 1280 1183 inprimis

110 1219 293 1280 sacerdotum
308 1225 337 1277 et
352 1214 503 1296 pontilicis,
519 1231 593 1296 quae
609 1211 650 1273 eis
665 1220 840 1293 potestatem
849 1211 1018 1273 tribuebant
1030 1209 1060 1270 in
1076 1208 1281 1283 sanctuarium,

109 1324 140 1386 in
156 1322 377 1386 sanctissimum
393 1319 578 1402 ingrediendi.
609 1317 681 1404 (Ofr
704 1319 795 1380 Exod.
811 1317 934 1382 XXIX.
951 1319 997 1392 43
1021 1316 1130 1380 XXX.
1156 1318 1206 1384 18.
1221 1336 1276 1392 ss.;

109 1430 180 1494 XL.
195 1431 247 1496 29.
264 1449 317 1504 ss.;
332 1429 404 1495 Lev.
418 1427 508 1493 XVI.
522 1424 575 1509 4.).

199 1557 227 1602 v.
244 1538 297 1602 23.
318 1541 495 1622 κατέχωμεν
510 1539 563 1623 τὴν
579 1531 744 1620 ὁμολογίαν
759 1547 813 1623 τῆς
827 1532 949 1606 ἐλπίδος
964 1531 1075 1622 ἀκλινῆ
1091 1529 1207 1616 (πιστὸς
1221 1536 1279 1616 γὰρ

110 1639 649 1728 ὁἐπαγγειλάμενος),-Αᾶγ“οουίνοιο
658 1639 786 1728 ἀκλινής
796 1640 829 1725 (ἀ
838 1641 910 1721 priv.
921 1648 951 1701 et
959 1637 1067 1725 nitro)
1079 1647 1124 1700 est
1132 1638 1279 1712 immotus,

109 1749 359 1813 rmmutabilis.-
368 1747 454 1822 ἐλπίς
462 1747 571 1810 indicat
580 1765 662 1829 spem
669 1747 773 1808 salutis
781 1765 833 1828 per
842 1746 990 1809 Christum
999 1745 1166 1827 promissae.
1176 1742 1280 1820 ,Ocn-

102 1859 275 1941 sessionem
292 1857 358 1939 spei
367 1864 457 1918 nocet
470 1858 576 1937 ipsam
591 1855 665 1930 ndei
681 1855 904 1937 consessionem
920 1853 1042 1937 (scribit
1056 1847 1202 1936 aaron
1216 1871 1281 1915 non

110 1963 294 2045 quodsidem
306 1981 378 2024 cnm
388 1961 640 2045 speronsundnt3
656 1961 710 2024 sed
719 1963 803 2042 qnia,
819 1963 874 2042 qni
882 1963 918 2023 in
927 1961 1097 2043 Baptismo
1099 1959 1198 2041 Jidem
1207 1977 1281 2021 con-

104 2073 225 2157 βίοτον,
246 2067 345 2132 simol
359 2071 455 2130 etiam
469 2069 635 2150 profitetur
650 2088 696 2143 eo,
712 2085 792 2147 qnae
805 2075 922 2150 operm,
936 2087 1044 2149 nempe
1064 2066 1280 2128 remissionem

106 2161 314 2260 pcccatorum,
331 2176 438 2237 cernis
452 2176 713 2238 resurrectionem
729 2183 758 2236 et
771 2175 872 2237 vitam
887 2178 1079 2237 aeternam*

199 2301 229 2347 v.
245 2282 296 2346 24.
318 2287 370 2346 nni
398 2293 591 2368 κατανοῶμεν
615 2280 775 2369 ἀλλήλους
803 2278 846 2355 εἰς
869 2281 1060 2367 παροξυσμὸν
1083 2279 1205 2367 ἀγάπης
1227 2284 1279 2345 καὶ

111 2393 215 2456 καλῶν
231 2389 336 2475 ἔργον,
352 2423 393 2434 -
410 2385 592 2449 Observandi
618 2396 687 2449 sunt
708 2389 814 2468 gradus
834 2386 865 2448 in
887 2387 1089 2449 exhortatione
1110 2386 1279 2468 apostolica

112 2497 242 2559 Primum
260 2494 337 2556 enim
352 2495 486 2556 hortatur
508 2496 546 2555 ad
567 2495 639 2568 ndei
659 2494 896 2577 plenitudinem,
911 2492 1014 2555 deinde
1036 2495 1075 2555 ad
1090 2495 1279 2574 firmitatem

110 2605 185 2686 spei,
204 2601 291 2664 tertio
306 2603 345 2663 ad
360 2602 641 2686 operosior-itatis.
657 2635 700 2648 -
711 2610 867 2667 κατανοεῖν
878 2609 961 2662 notat
977 2596 1024 2684 (ut
1039 2601 1094 2666 III.
1112 2596 1153 2684 1.)
1168 2608 1280 2661 attente

112 2709 224 2793 aliquid
234 2707 349 2783 intueri,
364 2709 526 2773 observare.
538 2743 574 2753 -
588 2709 781 2795 παροξυσμὸς
795 2707 825 2768 in
834 2725 909 2771 vers.
925 2706 1013 2770 Alex
1028 2716 1058 2768 et
1072 2705 1103 2767 in
1111 2704 1179 2768 Act
1195 2705 1280 2790 (XV.

112 2815 179 2898 39.)
191 2813 395 2877 excitationem
405 2816 443 2875 ad
453 2835 553 2876 sensus
569 2831 686 2876 amaros
694 2815 831 2876 denotare
840 2813 931 2888 solet;
947 2815 1025 2893 apud
1040 2813 1174 2876 classicos
1181 2822 1281 2874 tumen

114 2923 259 2984 interdum
283 2939 368 2982 sensu
391 2921 523 3002 opposito
545 2920 666 2983 occurrit
687 2919 749 3004 (cfr.
772 2919 917 3003 Xencplc
940 2919 1061 2983 Memor.
1084 2919 1138 2981 ΙΙΙ.
1160 2920 1189 2991 3,
1214 2919 1280 2994 13.;

114 3028 253 3110 Tincyd.
264 3021 320 3093 Vl.
331 3027 382 3093 88.
392 3024 462 3110 al.);
478 3027 546 3089 hinc
561 3025 731 3107 significatio
749 3025 836 3088 huius
845 3024 924 3087 vocis
938 3024 969 3086 in
978 3035 1076 3088 nostro
1090 3043 1176 3087 versu
1190 3025 1279 3107 plane

110 3133 231 3196 insolita
245 3153 303 3195 non
317 3142 370 3196 est

204 3260 232 3302 v.
249 3240 301 3306 25.
318 3245 360 3328 μὴ
371 3238 636 3322 ἐγκαταλείποντες
645 3246 698 3329 τὴν
708 3239 932 3328 ἐπισυναγωγὴν
942 3238 1063 3313 ἑαυτῶν,
1078 3243 1188 3314 καθὼς
1204 3240 1280 3313 ἔθος

112 3353 195 3421 τιοὶν,
212 3346 296 3411 ἀλλὰ
310 3348 568 3431 παρακαλοῦντες,
578 3351 630 3411 καὶ
645 3351 778 3432 τοσουτῳ
789 3349 919 3433 μᾶλλον,
935 3345 997 3432 ὅσῳ
1007 3349 1132 3431 βλέπετε
1147 3346 1280 3430 ἐγγίζου-

111 3477 167 3520 οαν
184 3459 237 3542 τὴν
252 3451 377 3542 ἡμέραν.
393 3487 437 3498 -
451 3455 524 3516 Vox
539 3451 744 3541 ἐπεουναγωγή
760 3454 873 3535 proprie
895 3455 1015 3517 denotat
1036 3463 1135 3516 actum
1157 3471 1277 3533 congre-

111 3559 200 3642 gandi
217 3579 267 3620 seu
283 3557 456 3620 conducendi
472 3557 581 3620 multos
604 3559 634 3621 in
658 3558 733 3645 (ἐπὶ)
750 3579 839 3622 unum
856 3560 966 3635 locum;
991 3559 1057 3622 dein
1079 3559 1167 3621 etiam
1183 3560 1279 3640 ipsum

111 3667 217 3738 locum,
232 3664 262 3726 in
278 3685 336 3746 quo
351 3664 533 3745 congregatio
548 3666 597 3740 fit;
612 3675 642 3727 et
656 3668 774 3728 tandem
790 3675 912 3742 coetum,
937 3666 1105 3729 societatem
1120 3665 1278 3728 hominum.

109 3807 152 3820 -
170 3769 250 3841 Quid
264 3781 364 3833 autem
373 3772 523 3852 apostolus
531 3773 641 3835 verbis:
658 3779 700 3862 μὴ
710 3773 977 3858 ἐγκαταλείποντες
992 3779 1045 3862 τὴν
1055 3772 1277 3861 ἐπισυναγωγὴν

110 3879 226 3944 ἑαυτῶν
240 3886 367 3951 moneat,
382 3898 439 3940 non
462 3879 534 3940 satis
549 3889 671 3941 constat
703 3876 820 3944 Gracci
842 3880 1021 3961 interpretes,
1043 3889 1159 3940 auctore
1177 3877 1279 3960 Cle-y-

109 3994 255 4057 costomo,
271 3994 386 4065 putant,
402 3985 567 4064 apostolum
583 4005 698 4049 monere
714 3987 894 4059 christianos,
916 4006 952 4047 ne
977 3984 1165 4047 conventibus
1187 3984 1279 4048 eccle-

108 4089 233 4156 siasticis
249 4111 279 4152 se
295 4092 465 4167 subducant,
482 4091 551 4172 quia
566 4110 617 4173 per
632 4092 1058 4165 eosmutuacaritesfoveatur,
1074 4090 1203 4153 studium
1217 4091 1279 4152 vir-

108 4199 183 4261 tutis
199 4206 229 4259 et
243 4196 361 4278 pietatis
376 4197 525 4271 excitetur,
541 4197 631 4260 animi
646 4198 676 4260 in
691 4200 747 4260 fide
762 4199 974 4272 confirmentur,
995 4197 1140 4278 religionis
1155 4196 1279 4278 cognitio

107 4279 252 4386 augeatur
266 4313 318 4368 eto
337 4303 463 4367 *aanor
477 4322 545 4366 vero
560 4307 651 4367 verba
664 4305 719 4366 illa
726 4313 878 4386 exponunt
885 4306 921 4366 de
930 4303 1087 4366 defectione
1102 4306 1141 4366 ab
1151 4304 1278 4379 ecclesia,

106 4412 146 4474 ud
162 4429 251 4492 quam
266 4408 546 4474 dudeco-christiani
561 4409 701 4492 proclives
710 4419 800 4474 erant.
830 4410 887 4474 Pro
902 4412 959 4474 hac
973 4409 1165 4492 explicatione
1179 4411 1278 4494 pluri·
