3072 4882
213 265 275 330 128
658 265 784 332 nauco
802 265 861 318 vn.
881 263 924 315 as.

209 451 240 502 et
254 441 477 506 satisfactorium
492 443 553 508 scil.
569 443 737 506 sucrificium
752 443 857 520 crucis;
873 443 924 508 illo
939 443 1017 506 enim
1032 441 1166 506 Christus
1180 440 1290 504 obtulit
1313 456 1392 521 pre-

211 547 286 610 tium
308 548 452 612 sufficiens
480 567 534 630 pro
562 549 655 632 culpis
677 559 706 612 et
728 550 841 612 delictis
862 560 1042 632 peccatorum
1065 549 1203 621 omnium,
1225 567 1301 628 qnae
1323 565 1394 607 un-

210 673 298 736 quam
314 655 468 718 commissa
483 667 552 718 suut
566 665 596 718 et
610 655 744 737 deinceps
752 657 962 724 commitentur.
986 656 1079 718 Missa
1093 665 1193 717 autem
1208 652 1394 716 sacrificinm

209 780 266 823 non
282 773 327 824 est
341 762 545 824 redemtorium
568 771 598 824 et
619 762 853 837 satisfactorium,
878 765 928 826 sed
950 762 1172 844 applicatorium
1194 758 1395 822 redemtionis

209 876 240 928 et
261 868 468 930 satisfactionis
487 867 596 930 Christi
619 867 647 930 in
670 886 750 931 muca
772 878 914 950 peractae.
944 870 978 930 In
997 868 1090 930 Missa
1105 867 1182 928 enim
1198 885 1255 928 non
1270 885 1395 928 novum

209 973 353 1036 offerimus
376 992 428 1055 pro
450 974 577 1056 peccatis
599 975 732 1056 pretium,
759 976 809 1038 sed
833 974 1014 1060 primaevum
1036 973 1127 1038 mucis
1148 973 1273 1054 pretium
1295 970 1397 1034 nobis

208 1079 399 1161 applicamus.

298 1186 453 1248 Praeterea
468 1185 572 1248 Missae
587 1185 757 1250 sacrificium
772 1196 817 1250 est
831 1186 908 1250 idem
923 1205 988 1250 cum
1004 1185 1094 1248 crucia
1109 1184 1246 1248 sacrificio
1262 1193 1292 1244 et
1308 1183 1391 1266 qni-

209 1294 275 1355 dem
291 1289 323 1376 a)
346 1296 626 1375 repraesentativa·
648 1295 741 1355 Missa
763 1294 838 1355 enim
861 1303 1059 1374 repraesentat
1080 1291 1170 1354 crucia
1192 1290 1397 1366 sacrificium

210 1395 244 1483 b)
261 1399 409 1475 coalitam
424 1408 486 1460 tam
503 1398 626 1462 enimin
642 1399 743 1474 Missa,
758 1420 846 1481 quam
862 1399 891 1461 in
907 1417 996 1473 eruce,
1018 1398 1095 1460 idem
1110 1407 1155 1460 est
1169 1398 1302 1459 sacerdos
1317 1397 1398 1478 pri-

210 1503 461 1580 mendacitatem,
484 1505 545 1572 scil.
568 1503 718 1584 Christum
740 1509 841 1568 eadem
863 1515 908 1569 est
929 1506 1018 1568 etiam
1041 1503 1194 1584 utrobique
1215 1502 1339 1565 victima
1360 1513 1399 1564 et

209 1609 313 1686 hostia,
329 1611 388 1674 scil.
405 1629 508 1692 corpus
523 1610 646 1688 Christi3
669 1615 770 1675 eadem
795 1613 826 1675 in
847 1631 886 1687 re,
911 1611 978 1674 licat
993 1612 1089 1692 quoad
1113 1611 1230 1671 modum
1246 1608 1396 1683 diversa;

208 1715 239 1779 in
253 1716 346 1780 Missa
361 1716 438 1779 enim
453 1727 498 1780 cst
518 1717 675 1791 incruenta.
691 1738 760 1782 cum
774 1719 804 1780 in
819 1736 899 1782 cruce
914 1718 1000 1780 fuerit
1014 1726 1150 1794 cruenta3
1164 1717 1215 1778 sed
1231 1715 1401 1778 incruenta

208 1823 238 1886 iu
253 1823 342 1886 Missa
361 1822 503 1904 significat
518 1833 548 1886 et
562 1833 760 1906 repraesentat
774 1833 923 1888 cruentam
938 1824 967 1886 in
983 1841 1073 1890 cruce.
1112 1825 1160 1884 Ita
1182 1821 1267 1885 Gonu
1287 1822 1397 1886 md.

208 1949 276 1992 sess.
292 1929 398 1992 XXII.
414 1950 476 2011 cap.
496 1931 522 1994 1.

296 2055 324 2097 v.
341 2037 392 2102 28.
409 2032 445 2099 Ὁ
461 2041 554 2123 νόμος
568 2041 626 2122 γὰρ
643 2035 826 2122 ἀνθρώπους
850 2041 1030 2124 καθίστησιν
1056 2034 1220 2122 ἀρχιερεῖς,
1245 2033 1398 2120 ἔχοντας

208 2140 378 2208 ἀσθένειαν·
402 2139 419 2206 ὁ
435 2144 528 2223 λόγος
543 2143 576 2208 δὲ
591 2155 646 2232 τῆς
662 2141 864 2232 ὁρκωμοσίας,
887 2155 942 2232 τῆς
967 2147 1042 2230 μετὰ
1064 2147 1115 2208 τὸν
1131 2146 1232 2228 νόμον,
1257 2137 1322 2205 οἱὸν
1342 2137 1399 2217 εἰς

208 2252 258 2314 τὸν
273 2245 366 2314 αἰῶνα
380 2250 615 2336 τετελειωμένον.
631 2285 675 2296 -
690 2249 803 2314 Auctor
818 2248 946 2331 explicat
961 2249 1173 2322 necessitatem,
1198 2248 1233 2308 de
1256 2266 1319 2327 qua
1336 2247 1400 2308 di-

208 2362 301 2428 xerat,
317 2355 514 2418 sacerdotibus
529 2375 590 2418 csse
606 2376 728 2430 necesse,
751 2366 784 2418 ut
799 2356 878 2438 prius
893 2374 945 2437 pro
960 2355 1020 2418 suia
1036 2354 1148 2417 delictis
1170 2353 1286 2416 hostias
1309 2353 1400 2416 offe-

206 2468 288 2535 rant;
304 2480 372 2522 nam
395 2471 478 2522 erant
494 2462 618 2548 ἔχοντες
634 2461 803 2536 ἀσθένειαν,
825 2463 952 2546 peccatis
973 2461 1102 2526 obnoxii.
1118 2497 1161 2506 -
1179 2461 1252 2524 Post
1272 2463 1400 2522 verba:

206 2562 271 2632 οἷὸν
286 2563 328 2642 εἰς
343 2572 393 2633 τὸν
410 2564 513 2644 αἰῶνα,
529 2571 759 2656 τετελειωμένον
768 2568 885 2651 supple:
902 2572 1083 2655 ιιαθίστρσιν
1094 2565 1251 2654 ἀρχιερέα
1266 2566 1400 2648 Respi-

205 2672 280 2734 citur
295 2671 368 2735 illud
383 2673 439 2735 Dei
454 2673 574 2736 effatum
589 2695 632 2756 ps.
648 2673 714 2740 CX
730 2677 760 2742 4.
770 2674 951 2736 iureiurando
960 2675 1163 2737 confirmatum
1182 2673 1262 2755 (coll.
1271 2692 1301 2737 v.
1314 2674 1400 2749 21.;

205 2779 262 2842 VI.
281 2777 353 2863 17.),
373 2799 430 2860 quo
446 2781 526 2842 Deus
541 2779 689 2843 Christum
704 2790 854 2843 aeternum
877 2781 1041 2862 pontificem
1063 2779 1222 2852 constituit,
1245 2779 1401 2861 quodque

204 2883 256 2946 diu
270 2894 336 2964 post
352 2885 445 2966 legem
467 2885 568 2960 latam,
590 2886 736 2949 aDavide
758 2886 902 2961 nimirum,
925 2887 1030 2949 litteris
1052 2895 1096 2948 est
1111 2885 1327 2967 consignatum,
1359 2897 1403 2950 nt

206 2989 428 3069 significaretur,
455 2991 547 3073 legale
571 2993 762 3056 sacerdotium
785 3005 936 3076 tamquam
951 2994 1152 3075 imperfectum
1175 2993 1235 3056 alio
1259 2993 1402 3057 meliore

206 3095 425 3174 superveniente
440 3100 617 3162 cessandum.

252 3199 388 3281 Apostoli
403 3205 501 3276 verba,
516 3212 549 3264 ut
563 3205 622 3266 iam
637 3227 660 3266 a.
680 3205 919 3288 chrysostomus
934 3205 1057 3280 notavit,
1073 3206 1220 3268 efficacem
1229 3206 1402 3270 continent

206 3304 364 3370 antithesin
380 3308 455 3370 inter
470 3307 618 3372 Christum
634 3319 664 3373 ct
677 3309 700 3372 J
701 3312 854 3374 udaeorum
871 3313 1028 3394 pontifices.
1051 3311 1172 3376 Hicine
1187 3311 1403 3390 iureiurando,

207 3410 258 3472 ille
273 3431 343 3476 cum
359 3413 557 3491 iureiurand03
577 3449 619 3462 -
636 3415 668 3478 hi
683 3438 750 3480 ιιιια
764 3438 833 3479 cerm
851 3417 921 3500 lege,
943 3419 994 3480 ille
1007 3428 1080 3500 poet
1093 3418 1199 3498 legem,
1222 3418 1311 3498 quasi
1328 3419 1403 3503 legi

207 3535 386 3580 successurus
408 3539 530 3600 eamque
552 3521 777 3602 adimpleturum
799 3559 844 3569 —
866 3524 897 3585 hi
917 3525 1066 3598 homiues,
1088 3523 1164 3586 Levi
1187 3544 1222 3586 ac
1252 3524 1404 3590 Aaronis

206 3641 388 3698 successores,
404 3627 533 3706 adeoque
548 3625 602 3687 Dei
617 3627 700 3701 servi,
723 3626 773 3690 ille
794 3627 902 3694 Filius
918 3629 986 3692 Dei
995 3651 1005 3708 3
1020 3665 1064 3676 -
1080 3629 1113 3692 hi
1133 3600 1246 3714 pliorca
1268 3629 1405 3714 sibique

210 3730 401 3802 aumedentes,
423 3729 473 3792 illa
494 3733 620 3806 unicum
639 3767 683 3778 —
706 3732 940 3815 hipaccatorae,
962 3735 1020 3810 ille,
1043 3744 1147 3816 utpote
1170 3736 1403 3814 sanctissimus,

175 3831 179 3838 ’
207 3853 335 3897 worma
351 3835 502 3916 dipsitote
523 3856 561 3898 αο
582 3838 771 3902 ὺοαιίιιιάἱιιο
789 3839 931 3921 pollerem
948 3877 990 3888 —
1006 3841 1038 3903 hi
1053 3843 1209 3906 mortales
1231 3843 1404 3908 constituti

208 3945 276 3996 sunt
290 3937 447 4018 pontifices,
462 3939 512 4000 ille
529 3950 680 4006 aeternus.
