3072 4882
259 321 321 388 125
705 319 830 386 nasso
850 319 909 374 vu.
928 315 972 370 ac.

257 515 316 578 qna
331 497 537 579 significatione
553 497 702 580 posteriori
718 499 747 560 h.
764 499 782 559 l.
798 497 927 560 occurrit.
953 497 1086 560 Christus
1096 496 1226 579 pontifex
1241 505 1427 578 comparatur

243 623 323 666 ‘cum
338 604 515 666 Judaeorum
539 604 681 687 pontifice,
704 603 753 684 qui
770 603 925 684 quotannis
949 605 995 665 die
1018 603 1192 684 expiationis
1216 603 1337 665 solemni
1360 623 1425 665 cum

257 711 396 790 salignine
411 710 594 773 victimarum
609 711 638 772 in
654 711 776 792 adytum
793 710 894 792 templi
910 709 1050 784 intrabat,
1073 719 1103 770 et
1116 709 1198 772 finito
1220 709 1358 772 sacrificio
1373 727 1425 792 pro

258 817 366 896 populo
382 818 598 898 deprecabatur.
629 817 694 879 Hoc
709 817 833 878 alterum
850 817 992 900 pontificis
1008 816 1133 878 officium
1149 815 1260 878 verbis:
1276 815 1424 902 ἐντυγχά-

256 945 316 987 νειν
339 919 414 1008 ὑπὲρ
438 920 535 990 ababa
561 922 718 1006 respicitur.
766 921 936 1000 ,Obrfsfm
964 922 1143 1005 interpellat
1165 943 1222 1004 pro
1247 925 1358 985 nobis‘
1383 921 1426 983 ait

255 1049 281 1090 s.
300 1031 697 1105 Thomas,bamonitatem
713 1049 816 1103 tuom,
827 1049 921 1110 qaam
932 1031 1091 1112 pronubis
1101 1033 1280 1110 aeatmpst't,
1295 1048 1426 1111 reprae-

257 1136 408 1198 sentando
425 1143 453 1199 ct
467 1139 683 1199 sanctissimae
699 1138 825 1198 auinaue
840 1156 918 1198 tace
938 1135 1135 1210 desiderium,
1161 1137 1244 1214 qaod
1265 1135 1302 1197 de
1324 1133 1425 1198 salute

254 1252 366 1304 nostro
381 1243 499 1316 ltobaa't,
514 1243 747 1323 caprimenda*

345 1365 372 1408 v.
389 1349 440 1413 26.
457 1343 605 1422 Τοιοῦτος
619 1351 677 1432 γὰρ
694 1347 853 1436 almebel]
869 1347 992 1431 ἔπρεπεν
1009 1346 1176 1434 ἀρχιερεὺς,
1186 1344 1279 1422 ὅσιος,
1296 1343 1424 1421 ἄκανος,

256 1453 410 1540 ἀμίαντος,
426 1459 652 1541 κεχωρισμένος
668 1451 727 1518 ἀπὸ
743 1465 800 1518 τῶν
816 1451 1004 1540 ἁμαρτωλῶν
1019 1457 1071 1518 ναὶ
1087 1449 1274 1540 ὑψηλότερος
1296 1465 1354 1517 τῶν
1371 1449 1422 1517 cf>-

255 1571 352 1646 ρανῶν
367 1566 531 1646 γενόμενος,
562 1597 575 1603 -
606 1559 725 1620 Transit
740 1561 858 1619 taudem
873 1559 1024 1642 apostolus
1038 1561 1076 1620 ad
1092 1559 1208 1620 tertium
1224 1559 1253 1619 in
1269 1576 1331 1618 rem
1342 1579 1423 1620 suam

257 1675 459 1747 argumentum
474 1666 693 1746 pmponendum
717 1664 794 1736 (coll.
817 1664 902 1726 dictis
922 1667 960 1726 ad
981 1683 1010 1729 v.
1026 1662 1101 1750 aa).
1126 1663 1206 1726 onius
1228 1683 1345 1725 summa
1367 1675 1423 1726 est:

256 1772 284 1834 in
301 1781 442 1853 quantum
459 1771 658 1834 sanctissimus
673 1781 803 1850 praestat
818 1771 1024 1852 peccatoribus,
1041 1771 1070 1832 in
1086 1781 1200 1832 tantum
1217 1769 1353 1832 Christus
1368 1771 1423 1832 Ju-

254 1879 390 1941 daeormn
406 1877 596 1959 pontificibus.
628 1875 722 1939 Simul
733 1895 801 1938 vero
811 1897 848 1939 ex
859 1878 912 1939 hcc
926 1875 1273 1960 argumentoplanissime
1288 1887 1421 1960 apparet,

236 1986 342 2046 ¹talem
366 1987 563 2058 redemtorem,
589 1984 684 2064 qualis
707 1982 841 2045 Christus
862 1993 933 2058 erat,
957 2003 1059 2066 nempe
1081 1985 1120 2044 ab
1141 1985 1219 2046 omni
1240 1993 1422 2064 peccatorum

256 2091 323 2152 labe
350 2109 464 2172 prorsus
485 2091 651 2160 immunem,
677 2089 760 2152 nobis
782 2090 869 2152 fuisse
896 2089 1095 2152 necessarium.
1120 2125 1159 2135 -
1185 2091 1297 2151 Auctor
1321 2092 1375 2152 hoo
1395 2101 1423 2150 et

256 2217 316 2278 seq.
331 2215 415 2258 versu
431 2198 543 2278 copiose
559 2207 588 2257 et
603 2213 721 2258 nervose
737 2215 835 2257 nutrires
851 2197 1041 2279 proprietates
1057 2196 1222 2278 personales
1238 2193 1358 2271 Christi,
1374 2217 1421 2258 sa-

254 2302 378 2365 cerdotis
393 2303 478 2364 unius
492 2323 526 2365 ac
541 2303 658 2376 aeterni,
674 2313 832 2376 enumerat,
848 2321 900 2383 per
914 2321 987 2383 quas
1003 2301 1160 2364 sacerdotio
1171 2301 1310 2375 letitia),
1327 2303 1421 2365 omni-

256 2419 314 2490 que'
329 2409 468 2472 sacerdoti
490 2429 527 2470 ex
550 2409 716 2472 homiuibus
730 2417 881 2491 assumpto
903 2409 954 2494 (V.
974 2407 1014 2493 1.)
1037 2409 1066 2469 in
1088 2407 1261 2469 immensmn
1283 2419 1421 2489 praestat,

254 2516 390 2596 solusque
405 2517 443 2578 ad
459 2516 636 2578 sacerdotale
653 2533 758 2577 munus
780 2533 865 2577 verae
888 2525 917 2576 et
939 2517 1082 2595 perfectae
1107 2515 1257 2576 hominnm
1279 2535 1347 2577 mm
1362 2517 1421 2577 Deo

255 2621 493 2684 reconciliationis
522 2621 635 2684 sufficit.
684 2620 875 2703 Respiciendo
896 2623 934 2682 ad
957 2641 999 2689 ea,
1022 2641 1096 2702 quae
1117 2619 1148 2680 iu
1167 2620 1228 2701 lege
1250 2621 1384 2683 Mosaita
1404 2641 1421 2681 a

255 2728 452 2792 sacerdotibus
466 2729 495 2790 in
512 2745 621 2809 genere,
644 2745 791 2788 asummo
813 2728 959 2789 sacerdote
981 2728 1008 2788 in
1032 2727 1124 2810 specie
1146 2727 1375 2807 requirebantur,
1390 2737 1422 2788 ut

254 2851 370 2897 inuuere
385 2835 518 2895 obeundo
533 2833 611 2914 digni
627 2843 731 2906 essent,
741 2841 842 2895 auctor
856 2833 990 2905 ostendit,
1000 2831 1124 2906 Christo,
1141 2843 1257 2894 aeterno
1273 2834 1421 2906 sacerdoti,

253 2941 438 3002 sanctitatem
453 2939 565 3002 infinite
580 2940 713 3002 altiorem
728 2940 821 3001 inesse
836 2941 897 3014 illa,
908 2959 982 3020 quae
997 2940 1025 3000 in
1044 2940 1105 3019 lege
1114 2939 1324 3020 requirebatur.
1350 2941 1421 3002 Pro-

255 3046 394 3129 prietates
409 3055 560 3126 sequentes
576 3056 795 3108 enumerantur:
817 3043 908 3119 ὅοιος,
924 3055 1055 3120 sauctus3
1078 3045 1107 3106 in
1130 3045 1191 3126 lege
1213 3047 1303 3107 veteri
1328 3049 1421 3127 quoad

255 3154 416 3216 sacerdotes
431 3162 494 3214 erat
509 3163 709 3234 praeceptum:
735 3152 971 3227 ,demeterent
995 3155 1065 3216 Deo
1081 3175 1137 3216 aco
1161 3164 1190 3216 et
1203 3175 1268 3216 aon
1281 3155 1423 3236 polluent

251 3279 363 3323 mnata
378 3261 466 3322 aas*
484 3258 568 3342 (Lev.
584 3261 675 3322 XXI.
692 3261 736 3342 6.)
777 3257 910 3319 Christus
934 3268 978 3319 est
992 3269 1109 3320 sanctus
1131 3256 1199 3324 κατ’
1216 3259 1340 3347 ἐξοχὴν,
1359 3277 1421 3320 vere

253 3376 284 3427 ct
299 3364 490 3426 essentialiter
513 3375 638 3428 sanctus.
673 3403 696 3410 -
728 3363 855 3438 ἄκακος,
877 3364 1012 3426 ἰοοοοεοο
1035 3364 1170 3445 aculpa;
1195 3364 1223 3425 iu
1247 3365 1309 3445 lege
1333 3365 1420 3427 veteri

254 3473 350 3552 quoad
365 3474 527 3535 sacerdotes
542 3472 685 3534 sancitum
701 3481 776 3533 erat:
799 3468 1005 3545 ,Oitstodt’ant
1018 3481 1185 3553 praecepto
1206 3491 1284 3546 mea,
1309 3481 1421 3534 utnon

253 3580 435 3642 subiaceant
446 3583 590 3661 passaw
608 3575 693 3661 (Lev.
710 3577 814 3643 XXlI.
831 3576 884 3658 9.).
914 3576 1048 3638 Christus
1063 3578 1196 3639 absolute
1211 3577 1349 3640 innocens
1364 3578 1418 3638 fuit

255 3685 332 3765 ,qai
344 3695 506 3768 puteacum
522 3704 584 3746 aon
592 3684 680 3765 ferit,
695 3703 749 3745 ντεο
764 3685 905 3746 iactatas
921 3693 968 3746 est
982 3683 1073 3747 dolus
1087 3687 1123 3746 in
1138 3705 1191 3746 ore
1206 3686 1295 3746 ωὀωΙΙ
1322 3681 1360 3769 (Ι.
1376 3683 1419 3743 Pt.

257 3791 296 3852 ΙΙ.
314 3789 388 3872 22).
405 3825 445 3836 „.
463 3788 615 3876 ἀμίαντος,
637 3788 823 3869 impollutus;
845 3808 864 3850 a
885 3789 1080 3852 sacerdotibus
1101 3793 1142 3854 V.
1158 3791 1192 3852 T.
1214 3790 1420 3870 requirebatur,

253 3906 286 3958 ut
301 3899 397 3978 quoad
413 3913 515 3976 corpus
530 3895 632 3975 integri
647 3903 756 3956 essent:
783 3896 945 3975 ,Loquere
966 3897 1011 3958 nd
1032 3901 1160 3963 Aaron:
1182 3897 1289 3959 Homo
1315 3901 1352 3960 da
1370 3915 1416 3960 ss-

256 4004 341 4064 tm'ae
357 4013 419 4077 tao,
436 4004 490 4082 qai
505 4003 594 4064 tutet
609 4002 768 4064 maculam
784 3999 925 4088 (μῶμος),
939 4024 1003 4064 aon
1018 4006 1127 4088 offeret
1137 4025 1236 4085 panas
1252 4005 1326 4066 Deo
1342 4008 1417 4066 sac“

254 4105 338 4190 (Lev.
354 4107 444 4168 XXI.
463 4105 541 4186 17.);
558 4106 690 4168 Christus
705 4117 802 4170 autem
819 4112 857 4170 ab
873 4108 951 4169 omni
967 4108 1034 4168 labe
1050 4119 1079 4168 et
1089 4108 1310 4188 imperfectione,
1325 4108 1418 4190 quoad

254 4213 384 4274 animam
399 4212 532 4274 absolute
547 4231 636 4296 purus
657 4214 713 4275 fuit
731 4212 871 4301 (ἄμωμος
886 4219 938 4280 καὶ
953 4211 1120 4301 ἀμίαντος).
1137 4251 1179 4260 -
1195 4221 1417 4302 κεχωρισμένος

255 4316 315 4385 ἀπὸ
330 4330 387 4384 τῶν
402 4316 590 4404 ἁμαρτωλῶν
598 4339 607 4396 ;
631 4319 779 4400 pontifices
794 4319 898 4384 iudaici
914 4339 1028 4382 summa
1042 4339 1106 4382 cum
1123 4321 1316 4385 sollieitudine
1331 4321 1384 4384 sibi
1399 4340 1417 4380 a
