3094 4892
569 310 608 362 De
626 309 724 362 sumere
741 309 867 376 epistolae.
1260 309 1301 376 ἱθ

136 490 317 567 Romanae,
333 487 456 567 Ouium,
475 489 719 564 Tertullianum,
741 489 963 572 Hippolytum,
986 490 1165 572 Ompmm,
1186 487 1302 573 Oppri-

137 617 244 671 anum,
266 595 467 659 Victorinum
483 594 708 670 Petueiensem,
719 598 907 670 Arnobc'om,
917 595 1135 669 Luctantium,
1149 596 1303 675 comedam

138 697 287 775 Graecos,
310 704 345 763 de
360 701 466 782 quibus
482 703 643 765 Moenus
667 699 719 786 (H.
735 701 770 766 Ε.
785 703 839 766 Ill.
855 701 899 784 3.)
921 699 1056 782 loquitur,
1071 702 1224 776 Arimino,
1239 699 1302 763 Pe·

138 807 261 889 lapa'um
276 817 305 871 et
324 805 496 890 Utpbttcm.
1135 849 1138 856 ι

228 913 398 976 Notandum
413 923 511 975 autem
526 924 586 976 est:
837 985 838 988 Ἴ

232 1016 263 1102 1)
279 1023 460 1084 Arrwbc'mn
484 1029 514 1083 ct
534 1021 742 1084 Laetonttum
765 1018 918 1099 epistolum
938 1020 977 1081 ad
992 1019 1143 1082 Hebraeos
1166 1021 1303 1096 meolam,

139 1145 192 1188 uec
205 1135 316 1189 certum
331 1135 390 1201 est3
406 1145 475 1187 nam
484 1125 539 1187 viri
547 1125 579 1188 hi
593 1125 625 1186 in
633 1124 747 1206 scriptis
762 1123 822 1186 suis
830 1123 918 1205 piane
933 1125 1046 1187 nullam
1062 1125 1149 1188 huius
1161 1127 1304 1209 epistolae

140 1231 317 1294 mentionem
332 1231 456 1306 faciuut3
471 1230 616 1304 ascalias,
632 1229 687 1292 nisi
696 1229 849 1303 rarissime,
864 1230 953 1293 libros
967 1231 1114 1304 sscitant,
1129 1231 1306 1314 quianontra
1357 1251 1360 1258 '

142 1337 277 1400 Gentiles
298 1337 496 1418 disputabant,
518 1339 656 1399 adversus
681 1356 753 1419 quos
777 1337 983 1416 scripturarum
1011 1338 1177 1401 testimonia
1198 1335 1305 1404 frustra

141 1445 366 1524 proferebantur.

232 1547 266 1633 2)
283 1548 433 1614 Marcion
448 1552 608 1614 etAriunc'
622 1566 738 1630 prorsus
747 1569 805 1611 uon
814 1548 1044 1624 suntaudiandi;
1059 1569 1125 1612 cum
1134 1551 1184 1613 ille
1193 1563 1307 1633 praeter

141 1655 324 1736 evangelium
339 1657 436 1718 Lucae
451 1665 481 1717 et
496 1658 594 1718 decem
609 1656 750 1737 epistolas
765 1653 851 1716 Pauli
866 1654 962 1716 nullos
977 1654 1052 1717 alios
1068 1656 1106 1723 N.
1121 1656 1156 1722 Τ.
1172 1657 1261 1722 libros
1275 1660 1306 1722 iu

142 1781 280 1825 canomm
296 1761 446 1842 receperit;
463 1772 493 1823 et
507 1761 635 1826 Arianos
649 1781 722 1843 opus
737 1759 886 1841 respuisse,
902 1758 931 1821 in
947 1779 1005 1841 quo
1018 1761 1091 1823 Jesu
1106 1759 1215 1825 Christi
1229 1765 1307 1827 diri-

142 1869 219 1930 nitas
232 1866 400 1930 clarissimis
414 1868 511 1930 verbis
525 1870 651 1940 docetur,
666 1866 774 1929 nemini
790 1865 895 1928 mirum
909 1865 999 1928 videri
1015 1876 1118 1947 potest.

233 1971 267 2059 3)
284 1978 437 2058 Oripenes
460 1976 632 2056 etquidem
648 1971 772 2052 Graeci,
795 1991 916 2055 quorum
933 1973 1094 2038 Eiectum
1118 1972 1154 2060 (l.
1169 1973 1215 2061 a),
1236 1980 1307 2062 quin

144 2102 193 2152 eos
209 2081 408 2155 nominaverit,
418 2081 558 2155 meminit,
568 2089 708 2162 negarunt
717 2079 833 2161 quidem
842 2078 998 2142 Paulinam
1007 2080 1147 2162 epistolae
1155 2082 1307 2166 angium

144 2199 191 2250 ast
216 2188 266 2250 ille
289 2188 470 2250 solummodo
493 2190 532 2252 ob
553 2187 776 2268 discrepantiam
798 2185 868 2267 styli
883 2185 1058 2250 ascribendi
1081 2189 1192 2254 ratione
1214 2191 1309 2268 Pauli,

74 2373 76 2377 Ι
147 2295 268 2374 ideoque
296 2296 335 2356 ob
371 2303 572 2375 argumentum
593 2295 751 2367 iutemum;
783 2303 813 2354 et
833 2292 945 2373 reliqui,
967 2293 1073 2374 ,quod
1099 2294 1147 2379 (ut
1168 2297 1310 2362 Eusebius

144 2399 257 2482 scribit)
282 2402 426 2475 dtommt,
449 2421 519 2464 cam
541 2404 581 2464 ob
605 2400 732 2464 roclena
746 2401 898 2462 Romano
921 2410 1086 2481 procerte
1110 2421 1148 2464 cc
1168 2407 1310 2486 penumc

143 2505 246 2570 Poub‘
260 2506 393 2590 epistole
406 2507 587 2570 nonbuberi
596 2511 618 2583 ⁸,
633 2505 753 2588 ideoque
769 2507 846 2588 quod
856 2505 993 2568 laudatae
1002 2505 1137 2570 ecclesias
1145 2508 1310 2589 opinionem

145 2613 226 2676 nullo
241 2611 375 2676 examine
390 2611 524 2676 historico
539 2611 673 2676 instituta
689 2613 862 2693 probarent;
877 2612 946 2674 hine
960 2631 1012 2674 uec
1026 2611 1074 2673 isti
1088 2623 1158 2676 suut
1173 2617 1309 2678 astum

144 2719 373 2782 adversariorum
389 2718 563 2780 mutantium
578 2720 717 2782 tuendum
732 2717 834 2782 idonei
1113 2715 1117 2723 “

236 2825 270 2909 4)
286 2825 380 2890 Ceteri
395 2826 526 2908 denique,
541 2845 614 2906 quos
628 2825 660 2888 hi
675 2833 831 2898 recensent,
847 2823 963 2898 omniuo
979 2825 1112 2904 probant,
1127 2827 1205 2909 quod
1220 2827 1310 2892 etalii

146 2942 286 3006 veterum,
301 2931 431 3013 inqrimis
446 2935 665 3016 Hieronymus
680 2929 856 3016 (Commeat
870 2930 900 2991 in
918 2927 1028 2994 Mattb.
1044 2930 1165 2996 XXVI.
1182 2933 1212 3000 8.
1222 2929 1267 3019 9.)
1283 2945 1312 2996 et

148 3041 351 3121 Aupuottnua
366 3037 414 3123 (de
429 3059 504 3119 pecc.
520 3056 589 3102 mer.
605 3049 634 3100 et
648 3037 757 3102 remiss.
774 3039 797 3103 I.
814 3034 881 3120 27.)
891 3045 1045 3109 testantur,
1061 3037 1089 3100 in
1100 3037 1194 3100 latina
1208 3059 1312 3120 nempe

149 3154 180 3207 et
194 3145 346 3226 praecipue
368 3145 398 3206 in
422 3163 543 3208 romana
564 3144 683 3207 ecelesia
697 3164 717 3206 a
731 3142 826 3206 medio
848 3161 921 3209 saec.
936 3143 977 3208 Π.
996 3145 1140 3226 usquead
1155 3145 1243 3208 finem
1257 3146 1312 3208 IV.

148 3251 315 3316 canonicam
331 3251 424 3333 operis
433 3251 523 3315 uestri
532 3250 737 3314 auctoritatem
746 3270 802 3312 uon
812 3248 899 3311 fuisse
909 3249 1061 3329 aguitam3
1076 3258 1123 3312 ast
1137 3269 1203 3312 cum
1217 3272 1314 3326 causa,

149 3361 188 3421 ob
203 3377 292 3439 quam
307 3359 338 3422 id
347 3359 456 3422 factum
466 3357 559 3431 fuerit,
576 3359 656 3420 haud
665 3355 810 3429 historica,
820 3357 872 3418 sed
882 3373 958 3417 mere
967 3355 1132 3436 domestica
1146 3356 1201 3420 dici
1210 3359 1316 3422 debeat

151 3464 247 3548 qualis
262 3463 293 3526 in
308 3464 475 3547 quaestione
490 3463 589 3526 critica
603 3462 712 3524 nullius
727 3471 757 3524 et
766 3462 1035 3542 ponderisdetecta
1050 3463 1203 3526 humma
1212 3464 1314 3528 statim

150 3572 322 3652 apparebit:
345 3571 418 3634 nihil
439 3571 556 3633 omnino
577 3571 702 3642 obstare,
726 3568 880 3651 quominus
901 3568 1026 3648 epistola
1040 3569 1078 3630 ad
1093 3570 1243 3634 Hebraeos
1264 3591 1316 3653 ge·

152 3678 273 3740 nuinum
289 3677 375 3738 Pauli
390 3679 484 3739 foetus
499 3685 679 3758 agnoscatur.
694 3711 737 3721 -
754 3674 870 3738 Scilicet
884 3673 1102 3738 Montaniatoe
1117 3673 1204 3760 (saec.
1219 3674 1271 3758 11.)
1287 3685 1317 3738 et

152 3784 328 3847 Nocoticni
342 3781 428 3865 (saec.
443 3783 512 3864 ΙΠ.)
529 3783 642 3845 Romae
651 3781 818 3862 praesertim
829 3782 998 3863 frequentes,
1009 3782 1215 3842 defendebant:
1225 3782 1317 3844 eecle-

152 3889 226 3951 siam
241 3909 298 3951 nou
314 3890 421 3950 habere
437 3897 612 3969 potestatem
627 3887 725 3951 omnia
741 3897 859 3969 peccata
874 3885 1047 3958 remittendi,
1064 3883 1235 3968 praeprimis
1250 3905 1318 3950 vero

152 3981 308 4057 defectores
323 4015 342 4055 a
358 3995 413 4056 fide
429 3995 458 4055 in
474 3995 569 4056 sinum
586 3993 721 4058 eeclesiae
736 3993 841 4055 iterum
856 3993 943 4074 recipi
959 4012 1016 4058 non
1032 4012 1131 4074 posse;
1154 4002 1184 4054 et
1198 3993 1253 4058 hoo
1267 4013 1318 4060 ase

153 4111 262 4164 sertum
274 4118 436 4181 ,perperam
451 4121 467 4161 e
483 4101 551 4162 locis
576 4101 716 4181 epistolae
737 4102 776 4161 ad
790 4100 940 4162 Hebraeos
961 4097 1016 4164 VI.
1031 4099 1132 4173 4-e;
1147 4097 1189 4164 Χ.
1205 4100 1257 4168 26.
1272 4111 1319 4162 te-

154 4207 301 4272 stantibus
316 4209 486 4272 Ambron'o
510 4209 558 4291 (de
573 4208 679 4289 poenit.
698 4206 716 4272 l.
732 4208 771 4274 Π.
787 4227 811 4270 c.
826 4206 880 4287 4.),
902 4203 1081 4271 Ptttosnto
1104 4204 1228 4290 (haeres.
1244 4207 1319 4291 89·)‚

156 4313 347 4378 Theodoreto
370 4322 399 4376 et
422 4311 640 4398 Obrycostomo
667 4310 719 4398 (ad
741 4314 831 4374 Hebr.
856 4313 908 4372 VI.
931 4307 976 4397 4.)
1007 4313 1204 4376 demonstrare
1231 4334 1320 4381 cous·

1132 4417 1161 4466 2.
