3094 4892
278 331 322 396 60
740 331 867 396 expersus
885 331 919 381 n.
939 329 988 382 ro:

278 527 343 567 enm
360 507 541 582 constituisti,
556 519 603 570 ast
618 527 687 570 mox
702 508 794 588 gloria
816 517 844 568 et
867 510 973 570 honoro
989 529 1054 571 eum
1070 511 1217 574 cumulate
1239 519 1268 572 et
1292 513 1451 574 affluenter

276 613 398 686 ornasti,
414 614 472 676 imo
487 632 573 695 super
587 633 701 676 ornnem
718 617 895 676 mundanam
911 627 1072 677 ereaturam
1094 635 1160 677 eum
1176 616 1323 688 exaltasti,
1345 617 1450 679 omnia

280 718 402 798 imperio
417 719 478 780 eins
493 720 670 782 snbieeisti‘.
692 721 770 781 Dum
786 720 873 800 igitur
887 722 967 782 Deus
981 721 1080 782 omnia
1094 721 1210 783 Christo
1225 722 1355 794 subieoit,
1369 723 1448 784 nihil

280 823 404 904 reliquit,
420 827 497 906 quod
512 825 537 887 ei
554 843 609 888 non
625 823 792 902 subieoerit;
814 826 873 887 ium
888 843 957 888 vero
971 829 1098 889 nondum
1113 826 1230 890 Christo
1250 828 1349 890 omnia
1370 829 1447 889 sub-

276 929 351 991 ieota
365 931 515 1008 videmns;
537 933 664 994 noudum
686 950 786 994 omnes
807 931 898 1011 ipsius
919 933 1017 994 hostes
1038 933 1152 996 snbaoti
1173 941 1203 994 et
1223 942 1370 1014 potestate
1389 953 1448 996 sua

275 1037 383 1116 privati
399 1047 475 1104 sunt.
506 1039 582 1098 Eum
598 1047 705 1109 antem,
723 1037 772 1117 qui
795 1055 846 1118 per
868 1039 954 1100 breve
977 1047 1093 1118 tempus
1114 1039 1226 1118 angelis
1249 1038 1367 1101 inferior
1380 1049 1448 1101 erat

276 1141 458 1213 mustitanis,
483 1153 516 1204 ut
539 1161 590 1223 per
612 1143 666 1205 Dei
689 1143 896 1223 benignitatem
918 1161 970 1224 pro
993 1144 1127 1206 omuibus
1142 1143 1308 1206 homiuibus
1331 1143 1448 1206 subiret

274 1257 406 1321 mortem,
421 1267 487 1310 eum
503 1249 634 1310 videmus
649 1258 851 1329 postmortem
875 1250 951 1312 hano
965 1249 1148 1312 exantlstsm
1170 1249 1263 1330 gloria
1284 1259 1313 1315 et
1333 1250 1447 1324 honore

273 1362 448 1416 seronatum.

778 1501 888 1558 Sestio
910 1503 941 1559 4.

273 1634 401 1696 Filius
429 1635 498 1698 Dei
527 1636 692 1698 humana
728 1647 866 1698 natura
895 1637 1053 1700 indutus
1081 1638 1280 1720 apperuit,
1308 1648 1346 1700 ut
1377 1640 1444 1701 ho-

332 1740 450 1802 mines
472 1751 591 1804 morte
613 1763 679 1804 sua
701 1763 721 1805 a
742 1754 983 1823 pennatorum
1006 1744 1162 1806 miseria
1184 1743 1385 1808 liberaret.

712 1865 997 1953 utputo-rs.

360 2024 387 2066 v.
408 2007 456 2072 10.
470 2001 597 2091 Ἔπρετε
612 2009 671 2090 γὰρ
693 2003 782 2091 αὐτῷ,
804 2003 842 2071 δι’
858 2007 891 2072 δν
907 2011 945 2073 τὰ
966 2013 1063 2074 πάντα
1085 2011 1137 2073 καὶ
1159 2005 1197 2073 δι’
1214 2003 1251 2073 ob
1272 2013 1311 2074 τὰ
1332 2017 1442 2084 πάντα,

270 2113 407 2185 πολλοὺς
423 2107 507 2186 υἱοὺς
522 2109 564 2185 εἰς
579 2111 668 2185 δόξαν
684 2109 848 2194 ἀγαγόντα
866 2116 917 2178 τὸν
932 2111 1068 2200 ἀρχηγὸν
1090 2125 1144 2202 τῆς
1166 2119 1318 2200 σωτηρίας
1339 2113 1441 2182 αὐτῶν

208 2269 214 2283 .
277 2217 327 2280 διὰ
342 2219 536 2304 παθημάτων
550 2219 713 2282 τελειῶσαι.
722 2251 766 2266 ·-
776 2216 850 2280 Oum
859 2217 974 2291 Jndeei,
989 2218 1038 2299 qni
1053 2221 1215 2292 eredebant,
1225 2220 1366 2282 Messinm
1381 2241 1441 2283 non

272 2341 334 2382 osse
349 2321 528 2395 moriturum,
545 2331 637 2384 morte
651 2343 671 2383 a
686 2320 802 2386 Christo
823 2341 959 2404 perpessa
980 2324 1108 2386 maxime
1129 2325 1347 2399 offenderentur,
1363 2347 1440 2408 apo-

270 2427 362 2488 stolus
377 2427 442 2489 inde
457 2430 497 2489 ab
513 2429 567 2491 hoo
581 2445 666 2490 versu
682 2447 773 2509 usque
794 2431 832 2492 ad
853 2430 940 2490 finem
962 2430 1066 2511 eapitis
1087 2432 1283 2493 demonstrare
1306 2433 1436 2506 enititur,

269 2543 400 2606 mortem,
425 2533 670 2614 quemchristus
693 2533 821 2608 subierit,
844 2535 971 2597 maxime
993 2536 1151 2598 saiutsrem
1174 2557 1236 2598 esse
1258 2539 1436 2601 habendam.
1528 2597 1529 2606 ,

269 2638 365 2701 Versu
381 2638 562 2718 praesedenti
577 2638 700 2712 dixerat,
714 2639 817 2701 Jesnm
832 2650 992 2720 propterea,
1014 2643 1090 2721 qnod
1106 2642 1279 2722 supplitium
1302 2644 1434 2717 subierit,

268 2746 365 2807 aDeo
380 2745 473 2825 gloria
488 2753 518 2805 et
537 2745 645 2807 honore
667 2744 754 2806 fuisse
775 2755 923 2820 umatum
948 2747 1003 2809 hoo
1023 2747 1083 2808 iam
1103 2765 1187 2811 versu
1209 2748 1251 2810 sio
1274 2750 1377 2830 pergit,
1402 2761 1436 2813 nt

269 2851 412 2923 ostendat,
428 2869 516 2929 quem
532 2860 756 2912 oonsentaueum
771 2851 845 2912 iilud
859 2851 915 2912 Dei
929 2851 1095 2926 virtutibus,
1116 2853 1252 2916 nimimm
1274 2855 1436 2936 sapientiae

266 2965 296 3015 et
312 2954 440 3018 iustitiae
455 2954 516 3016 eius
531 2955 624 3022 fuerit.
641 2989 683 3002 —
698 2955 832 3018 Verbum
847 2957 956 3042 ἔτρεπε
970 2977 1027 3020 uon
1037 2961 1156 3021 denotat
1164 2962 1193 3025 h.
1204 2960 1223 3026 i.
1233 2961 1434 3024 neoessitetem

267 3061 431 3140 quandam3
447 3059 516 3120 talis
530 3059 607 3120 enirn
622 3060 652 3121 in
662 3063 756 3124 Deum
772 3081 829 3124 uon
839 3063 917 3124 uadit
927 3084 936 3137 ς
948 3065 998 3126 ssd
1014 3065 1219 3128 exmnditione
1228 3075 1329 3128 nostra
1337 3087 1434 3148 quan·
1528 3057 1529 3118 i

267 3167 337 3226 dem
352 3166 552 3245 prooedentem
567 3165 775 3246 oougruitetem
797 3177 849 3229 aut
864 3168 1109 3244 convenientiam
1133 3169 1289 3233 rectissime
1310 3175 1434 3235 adnotat

267 3293 292 3333 s.
309 3272 526 3352 Aaouste'aus:
544 3270 639 3346 ,Nou
654 3273 756 3355 deJ'es't
770 3275 843 3338 Deo
859 3273 946 3338 ule'as
960 3277 1074 3340 memus
1083 3276 1246 3360 possibilis
1267 3278 1341 3360 (soil.
1355 3281 1433 3341 redi-

268 3375 365 3437 mendi
382 3395 471 3456 genus
486 3376 669 3461 humanum),
685 3381 776 3442 euius
788 3383 935 3462 potestati
951 3389 1061 3444 cauete
1077 3382 1249 3462 aequaliter
1263 3386 1433 3461 subiaceat,
1528 3423 1529 3460 η

269 3482 325 3543 sed
339 3483 502 3544 sanandae
516 3493 644 3548 uestrae
658 3486 806 3548 miseriae
828 3506 892 3549 eoa
905 3487 977 3568 suit
998 3485 1084 3550 olias
1106 3490 1218 3552 modus
1232 3493 1432 3554 conventior·
1528 3461 1529 3488 ¹

269 3585 317 3668 (de
333 3585 436 3651 Triuit.
451 3607 512 3668 sap.
535 3587 594 3672 10.)
610 3623 653 3634 -
669 3587 749 3675 adep
764 3592 942 3652 referendum
965 3600 1008 3652 est
1029 3594 1068 3654 ad
1087 3594 1182 3654 Deum
1198 3595 1327 3670 Patrem,
1350 3597 1431 3658 euius

269 3691 447 3772 benignitate
464 3691 597 3757 Christus
613 3713 665 3776 pro
679 3695 1015 3758 omnihominemortem
1031 3697 1135 3773 subiit3
1151 3719 1242 3780 neque
1258 3701 1334 3762 enirn
1350 3699 1431 3787 αὐτῷ

267 3799 304 3858 ad
321 3797 468 3860 Christum
484 3800 580 3862 referri
596 3811 707 3882 potest;
723 3821 792 3862 nam
808 3801 857 3881 qni
873 3817 924 3881 per
932 3820 1088 3882 pronomen
1099 3801 1179 3890 uturp
1188 3805 1373 3886 significatur,
1388 3821 1432 3869 est

265 3901 281 3966 ὁ
298 3907 467 3980 essendone,
489 3916 518 3967 et
533 3907 719 3986 distinguitur
734 3908 772 3968 ab
788 3905 917 3993 ἀρχηγῷ
933 3919 987 3996 τῆς
1010 3916 1168 3995 σωτηρίας,
1190 3930 1209 3971 a
1224 3909 1340 3974 Christo
1362 3923 1430 3975 tan-

263 4029 350 4089 quam
367 4015 593 4096 ssrshstmptutp.
626 4012 728 4091 Neque
743 4012 781 4072 ad
797 4011 946 4074 Christum
961 4013 1057 4075 referri
1072 4026 1194 4094 possunt
1208 4019 1313 4078 verba:
1340 4015 1379 4082 δι’
1395 4017 1429 4084 ὃν

262 4119 299 4179 τὰ
315 4122 412 4182 πάντα
427 4121 480 4180 καὶ
495 4114 533 4180 δι’
550 4114 586 4182 οὔ
601 4121 639 4180 τὰ
655 4122 762 4191 πάντα,
778 4116 883 4197 quibus
904 4119 1043 4182 maiestas
1066 4121 1121 4182 Dei
1137 4121 1234 4182 Patris
1256 4123 1426 4186 describitur

263 4218 326 4304 (ofr.
342 4223 429 4288 Rom.
444 4220 500 4288 XI.
517 4221 647 4302 36.).—
658 4221 774 4284 Verba:
790 4225 927 4299 πολλοὺς
935 4221 1019 4300 υἱοὺς
1027 4223 1069 4300 εἰς
1079 4227 1167 4300 δόξαν
1177 4225 1328 4309 ἀγαγόντα
1341 4230 1429 4311 vulgo

260 4345 326 4386 euru
349 4325 535 4406 sequentibus
556 4327 776 4408 eonjunguntur,
802 4340 831 4390 et
857 4333 896 4393 ad
920 4328 1068 4393 Ohristnnr
1092 4334 1261 4407 referuntur,
1285 4333 1427 4416 imprimis
