3072 4882
508 342 669 411 Ponphruoir
688 343 758 394 VIII.
778 340 873 392 6--13,

513 521 912 620 Paraphrasis3

486 664 558 745 Cap.
584 665 669 727 VIII.
704 685 750 726 vv.
776 667 894 730 e-ltt

462 817 545 868 tanto
561 807 756 886 praestantius
780 816 881 868 neotus
904 815 949 867 est
971 806 1160 868 sacerdotium
1184 825 1272 887 quam

491 923 541 974 uto
557 933 663 974 novum
680 915 788 986 foedus,
804 912 884 974 ouins
899 912 1041 974 mediator
1055 922 1108 986 est,
1126 912 1274 975 antecellit

533 1019 570 1080 ris
579 1020 721 1082 sancitum
738 1019 946 1100 estpromissis.
978 1017 1010 1080 Si
1020 1018 1096 1080 enim
1113 1018 1272 1100 priusillud

569 1125 620 1186 'hil
631 1127 846 1199 desideraretur,
864 1145 1046 1206 nequaquam
1057 1125 1272 1188 fuissetnovum

619 1253 655 1292 ur.
683 1234 846 1294 Deusenim
865 1233 944 1313 prius
959 1234 1059 1294 foedus
1073 1232 1272 1318 imperfectum

673 1339 768 1400 veniet
784 1349 908 1420 tempus,
924 1358 981 1420 quo
997 1359 1060 1401 oum
1077 1349 1162 1420 gente
1177 1341 1272 1402 Israe-

702 1466 715 1498 ε
738 1465 874 1526 pangam,
897 1465 952 1508 uon
975 1447 1043 1518 taio,
1069 1447 1155 1527 quale
1179 1445 1273 1526 pepigi

745 1573 761 1614 o
777 1571 834 1626 eos,
859 1553 951 1614 instar
967 1553 1061 1634 patris
1077 1553 1161 1625 filios,
1184 1573 1272 1614 manu

662 1679 740 1720 aram
763 1661 862 1721 foedus
885 1679 982 1721 rneum
1006 1658 1161 1733 violarunt,
1185 1678 1271 1740 prae-

569 1775 686 1847 apterea
702 1775 731 1828 et
747 1786 798 1846 ego
815 1766 928 1828 nullam
944 1784 1041 1828 eorum
1057 1785 1155 1829 euram
1171 1767 1271 1840 habui,

460 1911 491 1944 s,
508 1874 583 1953 quod
600 1874 723 1952 posthae
738 1892 804 1936 oum
821 1872 1020 1935 Israelita-rum
1035 1882 1119 1953 gente
1135 1893 1270 1954 pangam,

374 1983 429 2042 soit
447 1979 602 2041 Dominus:
625 1981 712 2041 Dabo
735 1979 811 2060 leges
833 1999 913 2042 meas
935 1980 963 2042 in
987 1990 1114 2042 ruentem
1129 1998 1226 2042 eorum
1243 1990 1271 2041 et

279 2109 307 2148 m
322 2087 479 2150 insoribam
496 2107 545 2148 eas
561 2097 591 2146 et
613 2087 750 2166 singulari
778 2086 888 2148 ratione
910 2087 945 2148 iis
968 2089 1080 2159 tanobo,
1103 2096 1132 2147 et
1154 2087 1209 2167 Ipsi
1225 2107 1271 2150 me

166 2226 192 2255 m
211 2214 295 2256 suum
313 2204 468 2274 agnoscent
485 2203 514 2254 et
529 2193 576 2273 pie
592 2212 639 2254 me
655 2194 765 2266 ooient;
782 2203 811 2254 et
821 2193 920 2255 nuilus
930 2195 992 2268 erit,
1009 2195 1057 2274 qui
1074 2195 1198 2256 eiusdem
1217 2215 1270 2276 po-

101 2303 158 2380 puli
175 2303 268 2364 civem
285 2301 469 2381 eiusdemque
485 2301 652 2362 testamenti
669 2311 829 2364 consortem
854 2303 954 2363 doceat
978 2285 1127 2372 notitIamss
1142 2320 1270 2364 aurorem

99 2419 125 2467 et
141 2410 359 2470 observantiam
383 2408 451 2482 mei3
474 2427 574 2468 omues
597 2407 672 2468 enim
696 2428 710 2465 a
730 2425 820 2486 parvo
842 2425 940 2469 eorum
964 2428 1053 2489 usque
1073 2397 1114 2470 'ad
1132 2429 1269 2489 inagnum

98 2533 195 2576 eorum
212 2524 315 2595 sponte
331 2535 378 2576 me
394 2524 571 2595 cognoscent,
589 2516 730 2575 amabunt
753 2523 783 2574 et
798 2514 1002 2588 observabunt,
1026 2505 1096 2595 quia
1116 2515 1214 2577 omnia
1228 2516 1270 2576 eis

98 2632 217 2700 peeoata
232 2631 293 2682 tam
310 2622 407 2702 priora
423 2641 511 2701 quam
522 2621 679 2700 posteriora
695 2622 871 2683 oondonabo.
897 2623 974 2682 Dum
992 2631 1090 2684 autem
1101 2624 1179 2684 Deus
1189 2625 1267 2702 apud

97 2727 353 2790 Jeremiamdioit:
371 2747 477 2789 novum
489 2730 590 2790 foedus
600 2747 735 2808 pangam,
746 2727 1012 2790 deelaraviti'oedus
1027 2728 1100 2790 iilud
1116 2729 1267 2809 antiquum

96 2834 242 2895 abolitum
258 2835 307 2908 iri;
323 2837 398 2914 quod
416 2835 492 2895 enim
502 2843 664 2896 veteratum
682 2844 726 2896 est
741 2845 770 2894 et
780 2837 935 2907 consenuit
951 2837 989 2896 ad
1005 2835 1152 2896 interitum
1170 2835 1267 2915 vergit.

602 3036 713 3092 Seetio
737 3038 767 3090 8.

96 3187 296 3250 Christum
312 3209 361 3260 ea,
378 3209 472 3270 quae
488 3161 801 3270 persaerifieiaa
824 3190 993 3252 Iudaicis
1010 3191 1268 3253 sacerdotibus

95 3297 173 3357 Deo
196 3294 333 3356 oblata
359 3295 464 3358 effici
497 3317 567 3360 nou
599 3306 800 3376 poterant,
832 3296 1085 3376 praestitisse
1116 3300 1267 3360 demon-

605 3413 759 3464 stratur.

498 3542 569 3623 usp.
595 3545 652 3606 rx.
680 3545 784 3608 1-x.
813 3547 861 3609 re.

599 3685 696 3764 Caput
711 3685 768 3747 IX.

184 3827 347 3908 Apostolus
369 3829 494 3900 dixerat,
519 3825 667 3888 Christum
689 3848 750 3889 esse
774 3829 877 3909 templi
901 3829 1031 3892 eoelestis
1053 3830 1216 3909 pontificem
1237 3841 1266 3892 et

94 3934 260 4008 ministrnm
278 3935 376 4017 (VIII.
397 3936 422 3998 1.
440 3931 492 4019 2.),
509 3935 670 3995 sacerdotes
686 3934 812 3996 iuda-isos
827 3935 965 3996 saeriiioia
981 3934 1079 3995 offerre
1102 3935 1130 3996 in
1149 3936 1266 4015 templo,

95 4043 173 4122 quod
189 4040 345 4122 imaginem
361 4051 477 4102 tantum
501 4051 530 4102 et
545 4042 677 4122 umbram
695 4041 797 4121 templi
813 4041 944 4104 eoelestis
959 4043 1075 4102 referret
1097 4037 1197 4125 (VIII.
1213 4040 1266 4125 5.),

93 4147 212 4210 GhrIsto
228 4156 328 4209 autem
343 4147 541 4228 praestantius
556 4147 747 4210 sacerdotium
770 4145 930 4226 eontigisse
955 4166 1077 4227 eumque
1101 4167 1161 4208 esse
1178 4166 1264 4228 prae-

93 4253 242 4317 stantioris
258 4254 379 4315 foederis
395 4253 583 4335 mediatorem
601 4250 700 4338 (VIII.
718 4251 762 4337 6).
780 4253 861 4346 Haeo
877 4253 934 4314 iam
951 4251 1066 4315 uberius
1083 4241 1210 4334 exponit,
1227 4266 1265 4328 et,

92 4382 128 4423 ne
145 4362 267 4423 lectores
283 4360 369 4422 nimis
384 4361 594 4422 offenderentur
610 4357 695 4420 VIII.
713 4359 741 4423 5.
758 4357 849 4432 dietis,
872 4359 1017 4440 templum
1038 4351 1173 4436 nimirum
1188 4361 1264 4440 Ima·v
