3072 4882
264 357 328 422 114
727 355 852 417 &roffio
869 354 931 406 VH·
952 354 976 406 1.

262 533 423 606 chisedech,
437 534 533 613 imago
549 542 578 593 et
593 527 684 614 figura
699 533 804 594 summi
820 533 974 596 sacerdotis
983 531 1064 606 Jesu‚
1075 531 1233 596 sacerdotio
1242 533 1282 596 V.
1291 533 1328 602 Τ,
1344 552 1432 613 prae-

263 652 321 702 stet
337 640 421 724 (VII.
442 635 586 722 1-10.);
602 659 638 700 ex
655 657 711 720 quo
727 638 803 700 ultro
813 639 950 719 sequitur,
965 649 1048 700 tauto
1057 639 1150 720 magis
1160 637 1309 700 Christum
1327 639 1434 718 ipsum,

261 747 340 810 cuius
356 756 459 829 typum
475 745 688 808 Melchisedech
703 744 850 820 exhibeat,
873 744 1030 808 sacerdotio
1053 746 1090 810 V.
1108 746 1141 810 T.
1165 755 1312 825 praestare
1328 747 1433 807 debere

261 850 441 939 (tr—28.)

662 991 734 1073 Gap.
752 991 825 1056 Vll.
840 1011 888 1054 vv.
906 993 1024 1059 1-10.

349 1135 404 1196 His
420 1135 449 1196 iu
465 1135 596 1195 versibus
610 1133 736 1214 primum
753 1144 914 1208 narrantur,
929 1154 1003 1220 quae
1013 1134 1134 1196 historia
1150 1135 1184 1196 de
1197 1133 1432 1197 Melchisedecho

262 1247 379 1323 eiusque
394 1241 534 1302 relatione
550 1242 587 1302 ad
603 1239 810 1302 Abrahamum
820 1241 909 1302 tradit
924 1241 983 1324 (vv.
998 1239 1119 1324 1-3.);
1135 1241 1200 1302 dein
1211 1241 1432 1324 consequentiae

261 1351 448 1422 deducuntur,
458 1367 532 1428 quae
543 1346 646 1408 exinde
656 1348 750 1426 quoad
761 1346 990 1426 superioritatem
1000 1346 1223 1409 Melchisedechi
1233 1366 1321 1428 super
1332 1347 1433 1410 Abra-

263 1455 384 1516 hamum
401 1463 430 1514 et
451 1471 537 1534 super
558 1452 748 1514 sacerdotium
762 1452 910 1514 leviticum
924 1473 939 1514 e
953 1452 1061 1514 lumbis
1075 1452 1239 1515 Abrahami
1256 1455 1433 1516 descendens

260 1561 403 1624 resultant
424 1557 483 1644 (vv.
496 1557 639 1643 4-10.).

349 1689 376 1727 v.
396 1669 421 1730 1.
439 1663 537 1740 Οὗτος
552 1670 610 1751 γὰρ
626 1662 853 1752 ὁΜελχισεδὲκ,
871 1665 1013 1748 βασιλεὺς
1030 1663 1149 1754 Σαλήμ,
1170 1660 1266 1751 ἱερεὺς
1281 1676 1335 1732 τοῦ
1352 1665 1430 1731 Θεοῦ

260 1784 313 1841 τοῦ
329 1771 460 1860 ὑψίστου,
476 1771 493 1837 ὁ
510 1778 694 1859 συναντήσας
718 1767 862 1856 Ἀβραὰμ
887 1767 1081 1858 ὃποςρέφοντι
1104 1771 1163 1836 ἀπὸ
1188 1784 1241 1861 τῆς
1258 1785 1360 1860 κοπῆς
1375 1785 1431 1837 τῶν

261 1881 409 1964 βασιλέων
425 1883 476 1943 καὶ
492 1875 661 1966 εὔλογήσας
671 1873 903 1952 eththa—Tres
918 1877 1026 1958 priores
1035 1896 1134 1939 versus
1144 1877 1332 1968 grammatice
1343 1899 1432 1939 unam

261 1985 490 2048 enunciationem
506 1987 640 2054 formant
663 2003 737 2064 quae
758 1981 876 2044 remotis
897 1982 1031 2046 omnibus
1053 1982 1189 2044 memhris
1211 1983 1367 2046 interiectis
1388 1985 1432 2045 ita

260 2102 360 2155 sonat:
377 2089 466 2164 οὗτος
481 2095 539 2176 γὰρ
555 2087 571 2154 ὁ
588 2089 783 2178 Μελχισεδὲκ
800 2137 807 2151 .
824 2137 830 2152 .
848 2137 855 2150 .
873 2095 952 2176 μένει
974 2087 1070 2175 ἱερεὺς
1085 2087 1127 2164 εἷς
1149 2095 1182 2154 τὸ
1199 2089 1343 2177 διηνεκές.
1374 2091 1431 2151 Per

261 2200 334 2260 haec
348 2199 438 2258 verba
453 2196 623 2277 explicatur,
639 2214 688 2257 cur
704 2214 788 2257 versu
804 2213 898 2276 praec.
914 2193 1169 2280 (v1.20.)Jesus‚
1185 2196 1234 2277 qui
1245 2208 1289 2257 est
1299 2199 1431 2258 sacerdos

260 2305 289 2366 in
305 2313 462 2376 amomum,
479 2304 610 2364 sacerdos
619 2306 698 2368 κατὰ
714 2307 767 2390 τὴν
783 2301 863 2375 τάξιν
874 2297 1068 2389 Μελχισεδέκ
1078 2311 1202 2366 vocetur.
1229 2302 1334 2364 Totius
1344 2301 1431 2382 igitur

260 2409 364 2491 capitis
388 2409 458 2470 VII.
482 2407 623 2490 expositio
646 2409 858 2488 quodammodo
881 2429 939 2488 qua
961 2408 1117 2490 explicatio
1139 2407 1308 2470 ultimorum
1331 2426 1431 2469 versus

260 2517 341 2580 citati
357 2517 400 2602 (V
401 2519 424 2578 Ι.
441 2513 508 2600 20.)
525 2519 679 2577 verborum
694 2513 857 2595 accipienda
876 2524 926 2575 est
946 2551 984 2561 --
1006 2517 1050 2576 De
1066 2533 1188 2596 persona
1204 2513 1431 2576 Melchisedechi

259 2624 356 2685 varias
365 2623 535 2703 interpretes
545 2623 720 2684 coniecturas
731 2629 947 2702 proposuerunt
963 2641 1037 2702 quae
1047 2607 1115 2682 vero
1125 2640 1223 2682 omnes
1238 2622 1429 2683 fundamento

257 2738 363 2802 carent,
378 2729 448 2810 quia
462 2736 577 2809 praeter
591 2748 684 2808 pauca
694 2727 754 2800 illa,
770 2747 844 2808 quae
854 2725 1025 2788 GenXJV.
1045 2727 1182 2792 18-20.
1198 2734 1362 2799 narrantur,
1385 2725 1427 2788 nil

259 2839 295 2897 de
310 2836 371 2896 eius
386 2835 449 2895 vita
473 2844 503 2895 et
525 2833 593 2895 fatis
615 2841 736 2896 constat.
767 2833 853 2894 Teste
876 2833 981 2915 Joeej'o
998 2833 1112 2896 thvio
1130 2833 1193 2917 (lib.
1209 2835 1233 2898 1.
1251 2833 1323 2894 Aut.
1339 2854 1362 2894 c.
1381 2835 1431 2896 11.

259 2951 287 3002 et
304 2941 354 3006 lib.
368 2941 440 3006 VH.
456 2943 491 3001 de
507 2939 585 3002 bello
600 2939 621 3000 J
623 2941 668 3000 ud.
684 2959 707 3002 c.
726 2935 799 3024 18.)‚
816 2941 993 3022 Hcpesippo
1010 2940 1073 3020 (lib.
1089 2939 1142 3004 III.
1167 2941 1202 2999 de
1218 2940 1330 3000 excidio
1346 2939 1426 3004 Hier.

258 3069 281 3109 c.
300 3044 343 3127 9.)
359 3057 389 3106 et
404 3043 595 3110 Theodoram
618 3049 677 3125 (qu.
695 3047 746 3111 63,
762 3045 791 3106 iu
808 3044 895 3127 Gen.)
921 3055 984 3106 erat
1005 3065 1042 3106 ex
1063 3045 1185 3127 posteris
1201 3043 1354 3117 Chanaau,
1376 3045 1430 3104 lilii

259 3151 362 3214 Oham.
380 3189 420 3198 -
439 3149 556 3240 Σαλήμ,
573 3152 632 3213 cuis
647 3169 698 3212 rex
714 3151 769 3212 fuit
784 3152 1007 3223 Melchisedech,
1023 3153 1124 3212 urbem
1139 3151 1227 3212 fuisse
1244 3161 1336 3212 terrae
1347 3148 1430 3210 (lha-

263 3279 349 3332 naan,
365 3279 401 3320 ex
417 3258 538 3321 historia
553 3257 675 3320 Genesis
697 3258 879 3338 perspicuum
902 3268 960 3333 est;
983 3260 1032 3320 sed
1057 3277 1199 3338 quaenam
1223 3256 1318 3330 fuerit,
1341 3256 1430 3317 dubi-

259 3375 355 3439 tatur;
377 3368 535 3427 secundum
557 3363 701 3446 Josefom
723 3363 885 3442 Flavium,
918 3367 1106 3447 Torqamim
1128 3372 1158 3424 et
1186 3383 1367 3425 communem
1391 3383 1430 3428 ss.

259 3472 382 3532 Patrum
398 3473 572 3532 sententiam
595 3479 639 3532 est
662 3473 737 3534 rerba
753 3471 940 3546 Jerusalem,
964 3491 1038 3551 quae
1060 3469 1148 3531 ctiam
1172 3489 1214 3550 ps.
1232 3469 1381 3531 LXXVI.
1399 3471 1429 3534 3.

258 3581 348 3685 ῃῑηζ)
363 3587 496 3652 vocatur;
507 3576 701 3639 Alexandrini
718 3577 794 3638 istud
809 3580 898 3684 051?
913 3577 942 3638 iu
958 3576 1072 3658 psalmo
1088 3575 1176 3638 citato
1198 3593 1249 3656 per
1268 3595 1369 3638 vocem
1385 3572 1429 3639 εἰ·

256 3708 330 3788 ρήνη
347 3711 502 3774 verterunt,
527 3701 571 3763 cui
595 3701 718 3762 versioni
742 3700 877 3762 insistens
893 3701 1027 3782 Vulgata
1048 3700 1169 3762 citatum
1186 3699 1293 3780 psalmi
1308 3718 1424 3760 versum

256 3808 363 3869 reddit:
387 3809 494 3868 Factus
509 3817 554 3868 est
569 3807 598 3867 iu
614 3827 684 3887 pace
701 3803 841 3912 (opp-23)
860 3805 938 3867 locus
953 3805 1023 3879 eius,
1039 3804 1223 3866 athabitatio
1238 3805 1299 3866 eius
1309 3805 1337 3866 iu
1347 3805 1426 3868 Sion.

255 3931 315 3992 Ast
330 3931 387 3991 iam
405 3929 620 4010 parallelismns
636 3932 831 3991 membrorum
847 3929 944 4010 exigit,
961 3939 994 3990 ut
1008 3929 1070 3992 voci
1081 3927 1148 3990 Sion
1169 3929 1262 3990 locum
1279 3929 1427 4003 indicanti,

255 4037 283 4098 in
300 4036 393 4118 primo
409 4057 522 4116 quoquc
537 4054 637 4097 versus
652 4038 782 4096 membro
798 4037 969 4116 respondeat
991 4055 1050 4097 vox
1065 4035 1160 4098 locum
1176 4045 1206 4096 ct
1221 4037 1344 4097 eundem
1359 4039 1428 4116 qui-

255 4145 321 4204 dem
338 4143 431 4204 locum
447 4141 584 4204 indicans.
615 4143 714 4204 Etiam
729 4143 900 4222 interpretes
914 4144 1008 4223 quoad
1025 4143 1164 4203 maiorem
1181 4152 1294 4222 partem
1311 4143 1426 4204 nomine

255 4247 365 4337 Σαλήμ
388 4251 488 4309 urbem
511 4249 807 4330 Hierosolymitanam
830 4248 1005 4329 intelligunt.
1043 4248 1217 4312 Verosimile
1247 4249 1346 4328 itaque
1368 4259 1423 4322 est,

257 4355 332 4416 hanc
348 4357 448 4414 urbem
464 4353 591 4434 primum
605 4363 739 4416 vocatam
761 4373 823 4416 esse
840 4353 954 4433 Solem,
978 4356 1044 4416 dein
1067 4354 1144 4440 (coll.
1160 4354 1248 4418 Judd.
1264 4355 1352 4416 XIX.
1371 4357 1423 4422 10.
