3094 4892
557 359 688 429 exposco
706 359 728 412 r.
748 355 790 412 ro.
810 358 852 411 rs
1244 360 1287 429 51

128 543 177 617 12,
193 561 258 624 per:
276 545 312 608 cb
328 545 361 607 δὲ
377 539 393 606 ὁ
410 539 500 616 aiche
514 537 548 606 si.
564 577 606 588 -
623 537 745 602 Verbis:
760 541 799 603 τὰ
813 537 867 624 ἔτη
883 560 938 603 coo
954 533 1010 603 οἰικ
1025 536 1213 624 ἐκλείψουσιν
1227 541 1291 603 Deo

15 711 19 714 ,
125 667 203 711 more
220 651 348 711 humano
363 647 431 709 unni
454 647 615 720 tribuntur3
641 647 692 708 sed
713 645 807 707 omnis
829 643 1005 724 imperfectio
1026 655 1197 720 removetur,
1221 650 1291 712 dum

126 753 252 828 additur,
268 774 360 816 unuos
375 754 436 815 eius
451 773 507 816 nou
522 751 678 826 desituros3
692 749 711 813 i.
726 771 742 811 e
758 770 824 812 eum
838 749 869 810 in
884 759 1033 811 aeternum
1050 752 1228 817 duraturum.

216 917 242 958 v.
264 898 311 963 13.
328 893 413 981 Πρὸς
428 901 492 960 τίνα
507 896 540 960 δὲ
555 905 613 960 τῶν
628 892 763 976 ἀγγέλων
779 891 882 978 εἴρηκέ
897 912 977 958 ποτε·
1008 889 1123 959 Κάθου
1139 892 1176 962 ἐκ
1190 895 1291 971 δεξιῶν

125 1025 194 1090 poc,
205 1001 264 1077 ἕως
273 1001 309 1068 ἂν
319 1005 369 1068 θῶ
378 1005 449 1074 τοὺς
456 1000 593 1088 ἐχθρούς
601 1022 638 1064 oa
648 994 808 1064 incutitur
817 1009 874 1064 τῶν
883 998 982 1064 ποδῶν
992 1021 1063 1075 ooo;
1074 1036 1118 1046 —
1130 1001 1291 1084 Apostolus

125 1119 158 1170 ut
174 1110 284 1181 doceat,
293 1106 441 1170 Christum
451 1106 633 1188 angelisesse
642 1104 824 1186 superiorem,
840 1104 962 1186 denique
970 1124 1045 1186 quae
1054 1125 1081 1168 v.
1092 1109 1121 1176 3,
1130 1109 1166 1169 de
1175 1109 1292 1176 Christo

130 1215 169 1276 ad
179 1215 328 1276 dexteram
336 1213 390 1274 Dei
400 1213 516 1274 sedente
530 1212 645 1274 dixerat
658 1209 755 1270 verbis
770 1208 875 1290 psalmi
885 1207 950 1269 CX.
964 1213 990 1274 1.
1006 1212 1165 1288 confirmat,
1181 1226 1210 1277 et
1219 1238 1289 1280 oon-

128 1318 266 1382 ditionem
290 1317 398 1382 Christi
420 1338 485 1380 cum
509 1317 676 1398 angelorum
695 1314 856 1378 conditione
878 1317 993 1388 confert,
1017 1317 1071 1380 hoc
1092 1337 1177 1381 versu
1199 1331 1228 1383 et
1243 1344 1291 1384 se-

124 1424 233 1505 quenti.
265 1423 416 1485 Psalmum
431 1433 530 1486 autem
546 1421 620 1494 CX,
636 1420 716 1483 cuius
731 1421 821 1480 verba
836 1421 864 1480 h.
881 1419 901 1480 l.
917 1440 933 1479 e
948 1420 1077 1482 versione
1086 1423 1289 1492 Alexandrina

124 1530 218 1612 petita
233 1539 309 1603 sunt,
324 1528 430 1591 Judaei
445 1548 558 1610 quoque
581 1529 616 1590 de
638 1525 748 1588 Messio
769 1524 914 1606 explicare
935 1525 1077 1601 solebant,
1100 1533 1177 1611 quod
1196 1532 1291 1600 Jeme

126 1637 189 1718 ipse
211 1635 293 1721 (Mtt
309 1635 414 1698 XXII.
430 1636 588 1710 41-46.;
610 1633 665 1694 Mr.
688 1631 761 1694 XII.
784 1631 940 1712 35ῑ-37.;
963 1632 1012 1693 Le.
1035 1633 1109 1694 XX.
1132 1637 1289 1724 41-44.)

118 1741 337 1824 praesupponit
359 1751 389 1802 et
410 1741 568 1812 confirmat,
588 1749 618 1800 et
639 1739 695 1800 hac
716 1737 826 1798 ratione
849 1755 949 1798 verum
971 1739 1132 1814 verborum,
1154 1762 1228 1824 quae
1243 1766 1290 1806 se-

125 1857 262 1930 quuntur,
273 1867 393 1934 sensum
409 1846 575 1910 authentico
590 1846 676 1906 modo
691 1843 827 1906 declarat
854 1843 934 1904 ldem
951 1844 1061 1906 faciunt
1075 1845 1194 1912 Petrus
1210 1849 1290 1935 (Act

124 1956 164 2018 II.
181 1956 233 2021 34.
249 1951 315 2040 35.)
340 1963 370 2016 et
384 1953 513 2018 Paulus
537 1972 595 2014 uon
618 1959 733 2012 tautum
750 1951 778 2010 b.
795 1949 813 2010 l.
830 1951 880 2010 sed
898 1949 987 2010 etiam
1009 1951 1032 2011 Ι.
1049 1949 1113 2013 Cor.
1136 1953 1221 2038 (XV.
1238 1957 1289 2024 25.

124 2061 192 2124 coll.
208 2060 284 2141 Eph.
308 2062 331 2122 I.
347 2055 511 2142 ,ΙΙΙ-22).
525 2093 569 2104 -
591 2059 626 2120 Iu
641 2056 751 2118 verbis:
774 2055 834 2129 ἕως
854 2054 891 2120 ἂν
906 2059 956 2121 θῶ
972 2104 979 2118 .
995 2105 1002 2119 .
1019 2103 1027 2118 .
1042 2070 1099 2125 τῶν
1121 2062 1219 2126 ποδῶν
1233 2086 1289 2130 coo

127 2167 224 2246 imago
239 2167 373 2228 desumta
388 2174 432 2228 est
447 2185 466 2226 a
481 2163 644 2235 victoribus,
660 2161 710 2243 qui
725 2161 754 2222 in
764 2160 943 2242 captivorum
954 2162 1080 2224 hostium
1096 2165 1172 2227 oolla
1188 2171 1288 2248 pedem

127 2289 233 2354 ponere
247 2271 390 2344 solebant,
406 2289 463 2351 quo
478 2268 678 2350 significabant
693 2287 723 2330 se
738 2267 860 2330 victores
874 2288 944 2330 esse.
954 2305 994 2313 -—
1012 2268 1125 2358 ἐχθροί
1139 2273 1292 2354 designant

123 2379 154 2440 h.
172 2379 191 2440 l.
207 2377 313 2452 omnia,
329 2397 404 2460 quae
418 2376 564 2439 doctrinae
586 2374 759 2438 christianae
781 2392 961 2456 progressum
983 2375 1152 2456 Impediunt,
1173 2381 1291 2444 consilio

123 2483 233 2546 Christi
248 2481 394 2545 felicitatis
409 2482 575 2546 hominibus
585 2482 753 2544 tribuendae
769 2482 967 2554 adversantur,
983 2501 1040 2562 quo
1049 2483 1194 2564 pertinent
1206 2487 1290 2567 igno-

123 2589 229 2662 rantia,
244 2587 418 2670 superstitio,
433 2608 516 2650 mens
530 2586 685 2660 incredula,
701 2596 820 2668 peccata
835 2585 1005 2666 quotidiana
1020 2589 1179 2665 hominum,
1195 2594 1290 2674 magi-

123 2705 234 2757 stratus
249 2705 279 2756 ct
293 2694 435 2776 principes
450 2692 610 2756 doctrinam
625 2689 733 2754 Christi
748 2691 960 2772 impugnantes,
975 2692 1049 2772 genii
1064 2695 1144 2770 mali,
1168 2716 1245 2760 mors
1260 2709 1290 2760 et

124 2801 261 2863 universa
275 2799 391 2861 miseria
406 2800 544 2863 humana.
559 2834 603 2846 -
618 2798 723 2860 Dicens
745 2796 804 2874 ἕως
825 2797 973 2878 apostolus
994 2819 1051 2861 non
1073 2800 1150 2875 dicit,
1171 2821 1289 2883 regnum

123 2906 236 2969 Christi
251 2905 386 2968 hostibus
401 2923 516 2986 prorsus
531 2903 653 2966 devictis
674 2913 852 2965 cessaturum
868 2922 944 2979 esse;
967 2905 1110 2984 particula
1131 2907 1207 2969 enim
1223 2908 1290 2984 ἕως,

124 3023 157 3075 ut
187 3009 354 3075 hebraicum
378 3032 423 3102 ng
439 3029 526 3091 saepe
541 3009 584 3071 itu
599 3009 724 3090 ponitur,
747 3017 779 3068 ut
800 3029 857 3070 non
880 3007 987 3071 limites
1002 3012 1139 3094 temporis
1162 3013 1289 3088 definiat,

126 3147 176 3208 sed
192 3144 437 3206 continuationem
452 3143 493 3204 rei
508 3141 614 3204 indicet
628 3139 690 3226 (cfr.
706 3138 780 3202 Gen.
796 3141 948 3205 XXVIII.
967 3143 1032 3218 15.;
1054 3145 1122 3208 Mtt„
1138 3145 1290 3209 XXVHI,

124 3253 196 3326 20.;
213 3253 235 3312 Ι.
251 3250 327 3312 Tim.
344 3251 399 3315 IV.
419 3247 489 3332 13.).

215 3394 243 3435 v.
262 3376 310 3442 14.
327 3370 406 3459 Οὐχὶ
420 3378 528 3446 πάντες
537 3369 592 3436 elul
601 3372 793 3456 λειτουργικὰ
801 3375 962 3458 πνεύματα,
977 3370 1020 3448 εἰς
1028 3373 1179 3442 διακονίαν
1194 3374 1290 3452 &coc-

123 3484 276 3568 eliopeto
283 3481 332 3544 διὰ
340 3481 410 3554 τοὺς
418 3479 588 3564 μέλλοντας
595 3479 794 3564 κληρονομεῖν
802 3483 965 3566 octuplum
975 3515 1013 3523 -
1024 3482 1058 3541 In
1067 3481 1292 3562 appositionead

127 3585 328 3668 quaestionem
343 3605 371 3645 v.
381 3601 474 3664 praec.
492 3581 670 3664 propositam
679 3583 923 3664 vocatapcstolus
938 3585 966 3648 h
980 3605 1007 3646 v.
1023 3586 1141 3666 angelos
1157 3590 1291 3676 λειτουρ-

124 3695 198 3775 γικὰ
211 3695 386 3778 melpum
402 3709 470 3752 nam
486 3687 632 3752 contendit
647 3687 754 3752 dicere:
769 3690 888 3770 angelos
903 3709 960 3752 non
969 3709 1087 3772 regnare
1097 3693 1140 3754 uti
1150 3691 1291 3766 Christus,

124 3799 176 3860 sed
191 3797 218 3858 ei
232 3796 396 3858 ministrare
410 3806 440 3856 et
454 3797 494 3856 ab
509 3814 543 3855 eo
558 3794 635 3856 mitti
651 3797 689 3858 ad
705 3795 831 3858 salutem
847 3795 996 3858 homiuum
1013 3800 1230 3878 procurandam.
1248 3835 1290 3844 —

126 3903 197 3966 Vox
213 3899 292 3988 οὐχί,
308 3921 410 3974 nonne,
426 3920 484 3962 uon
493 3909 556 3962 tam
566 3899 731 3981 interrogat,
741 3920 828 3982 quam
839 3902 926 3982 plane
935 3901 1053 3976 asserit;
1068 3901 1289 3984 interrogatione

125 4008 203 4070 enim
218 4017 339 4068 utuntur
354 4006 491 4078 Hebraei,
506 4008 623 4087 quando
638 4025 699 4068 rem
708 4007 800 4086 magis
815 4007 945 4068 stabilire
954 4017 984 4068 ot
998 4025 1164 4068 asseverare
1179 4010 1288 4072 volunt

128 4151 163 4160 -—
187 4119 307 4188 πάντες,
322 4131 421 4174 omnes
436 4112 531 4194 angeli
541 4121 609 4174 sunt
617 4112 749 4186 ministri,
765 4113 870 4194 quibus
880 4114 1005 4176 Deusad
1015 4113 1196 4178 voluntatem
1206 4135 1290 4178 suam

126 4220 325 4299 exequendam
341 4217 447 4292 utitur;
462 4217 492 4279 in
507 4236 608 4298 graeco
624 4218 727 4298 legitur
747 4218 928 4298 participium
945 4218 1117 4298 praesentis:
1140 4217 1291 4287 ἀποστελ-

127 4327 248 4414 λόμενα,
264 4323 313 4404 qui
329 4323 493 4397 mittuntur,
508 4324 569 4386 scil.
585 4323 676 4386 etism
691 4343 766 4386 nunc
788 4333 818 4384 et
839 4322 974 4404 qnotidie,
999 4345 1056 4386 non
1078 4324 1194 4406 quidem
1209 4327 1292 4408 quasi

1099 4443 1134 4498 4*
