3094 4892
325 1283 565 1406 Protogenen
596 1285 632 1381 in
663 1283 840 1406 opinoun
872 1235 916 1382 ri
947 1282 1125 1384 iloirooos

682 1637 708 1719 ἓ.
736 1643 762 1704 1.

452 1789 502 1845 De
524 1791 663 1844 suntoro
685 1787 793 1844 huius
816 1786 992 1856 epistolae.

228 1923 273 1984 De
287 1933 403 1986 ouotore
419 1923 505 1985 huius
521 1922 669 2002 epistolae,
685 1922 732 1982 rel
748 1923 844 2003 potius
860 1921 947 1984 huius
961 1925 1055 2004 λόγου
1071 1934 1126 2011 της
1140 1927 1304 2012 παρακλή-

141 2049 220 2104 σεως
234 2027 334 2112 (XIII.
352 2028 428 2114 22),
449 2038 480 2090 et
493 2037 605 2090 veteres
619 2037 650 2088 et
664 2028 833 2090 recentiores
849 2027 956 2108 purtim
976 2029 1015 2090 ob
1036 2028 1163 2090 rationes
1178 2028 1307 2110 philolo-
1336 2071 1339 2078 ·

140 2135 226 2215 gioos,
242 2135 349 2215 purtim
364 2137 402 2198 ob
411 2135 598 2198 diffioultutns
613 2134 791 2215 dogmatieus
800 2134 986 2215 disputarunt
1000 2133 1216 2216 disputantque.
1242 2134 1306 2200 Arii

141 2241 276 2304 nimirm
291 2261 357 2304 eum
372 2244 411 2304 sb
427 2242 559 2323 apostolo
575 2241 668 2304 Paulo
690 2241 828 2322 scriptam
848 2261 911 2302 esse
932 2241 1090 2314 affirment,
1112 2241 1163 2304 elii
1185 2252 1306 2323 negant3

139 2358 170 2410 ot
185 2349 216 2410 hi
231 2348 336 2412 iterum
351 2349 399 2410 vel
415 2368 481 2410 eom
496 2368 534 2410 ex
548 2348 660 2428 integro
674 2347 727 2409 ulii
742 2347 862 2421 auctori,
884 2348 916 2410 in
937 2367 995 2428 quo
1010 2348 1185 2410 nominando
1201 2347 1308 2414 mirum

139 2455 169 2516 in
185 2457 303 2516 modum
318 2455 500 2528 dissentiunt,
509 2455 650 2528 tribuunt,
667 2455 715 2515 vet
724 2454 884 2516 sententies
898 2455 1014 2534 quidem
1030 2455 1060 2516 iu
1076 2474 1111 2516 ee
1121 2464 1305 2518 oonurrentes

140 2561 236 2635 Pauli,
250 2561 435 2642 scriptionem
449 2570 550 2622 eutem
565 2560 686 2622 alterius
706 2561 856 2624 ouiusdurn
871 2581 943 2634 esse,
966 2560 1054 2622 variis
1075 2580 1140 2622 oum
1156 2561 1307 2624 moditieo-

141 2667 269 2730 tionibus
283 2677 427 2732 statuunt.

230 2775 293 2836 Nos
307 2777 347 2836 sd
361 2783 461 2856 portes
483 2791 581 2835 eorum
597 2773 767 2848 omonimus,
789 2774 838 2855 qui
862 2773 1015 2854 epistolem
1031 2773 1162 2855 genuinis
1182 2773 1309 2855 apostoli

142 2882 228 2944 Pauli
244 2881 380 2962 operibus
394 2881 643 2944 adnumerandum
665 2900 727 2942 esse
749 2890 864 2942 strenue
885 2882 1057 2954 defendunt3
1080 2899 1149 2942 nem
1173 2880 1308 2954 rationes,

141 3007 217 3068 quoe
232 3005 284 3069 pro
298 2987 426 3049 Pauline
440 2987 502 3049 eius
516 2986 624 3066 origiue
638 2987 743 3048 adferri
758 2996 888 3068 possum,
902 2986 1019 3049 omnino
1028 2997 1097 3048 suut
1111 2986 1307 3067 gravissimae.

231 3093 373 3156 Rationes
387 3094 444 3154 hue
465 3092 572 3174 partim
594 3103 664 3156 sunt
678 3097 829 3171 internos,
853 3111 890 3154 ex
905 3093 970 3174 ipsu
985 3092 1126 3174 epistolae
1141 3093 1264 3156 muteris
1279 3103 1310 3156 et

141 3201 235 3262 formu
250 3200 369 3280 petiae,
385 3199 493 3280 purtim
508 3208 663 3274 somnos,
677 3197 813 3261 nimirum
827 3200 883 3260 fide
897 3198 1117 3280 digueuliorunn
1133 3199 1307 3266 testimonio

142 3377 335 3440 Rationes
351 3376 527 3440 internae
542 3395 605 3458 pro
620 3375 732 3438 huius
755 3376 943 3458 epistolae
962 3377 1305 3456 originePeulina.

231 3517 319 3588 Quod
333 3521 474 3582 rationes
487 3521 632 3581 internos
648 3525 679 3578 et
693 3517 809 3598 quidem

232 3640 269 3724 1.)
283 3661 322 3704 ex
330 3644 469 3705 matario
477 3640 586 3721 petitas
600 3640 715 3714 attinet,
731 3642 829 3722 utique
839 3643 948 3716 velent,
964 3661 1040 3724 quoe
1053 3642 1114 3704 ism
1123 3643 1313 3729 Oriymssi

143 3747 276 3820 asseruit,
290 3747 450 3810 sententias
464 3747 544 3828 ipses
559 3767 621 3808 esse
636 3748 762 3828 apostoli
777 3747 850 3832 (soil.
860 3747 969 3833 Pauli).
1000 3748 1070 3812 Sive
1079 3749 1157 3811 enirn
1171 3752 1311 3830 dogmata

144 3854 219 3927 fidei,
241 3854 303 3916 sive
324 3862 479 3934 praesepto
500 3871 622 3927 morum,
645 3853 706 3915 sive
728 3875 803 3935 quae
823 3856 948 3918 auotoris
972 3873 1125 3936 personam
1147 3855 1312 3936 respiciunt,

143 3960 365 4032 oonsideremus,
379 3959 478 4021 omnio
493 3959 619 4022 Paulina
634 3969 711 4025 sunt

236 4063 267 4150 1)
283 4068 319 4126 In
334 4066 521 4148 doymote'oe's
536 4066 707 4146 praeprimis
728 4067 890 4129 attentione
904 4068 993 4147 digus
1016 4077 1093 4142 sunt,
1115 4087 1190 4148 quse
1212 4075 1312 4131 suntor

143 4175 181 4236 ds
193 4193 330 4256 pesona
346 4169 466 4236 tumori
481 4181 511 4234 et
524 4189 604 4250 quoe
620 4175 658 4236 de
671 4173 823 4238 relatione
840 4175 959 4240 Veteris
970 4173 1007 4241 Τ,
1017 4175 1062 4236 od
1076 4173 1203 4239 Novum
1218 4177 1312 4240 doust.

237 4385 257 4455 t)
275 4384 395 4450 anetm
412 4400 452 4450 sp.
471 4383 561 4437 sust.
579 4383 613 4434 H.
630 4384 660 4434 u.
678 4383 719 4436 VI.
737 4383 781 4437 25.

198 4493 300 4542 mn,
313 4493 479 4533 &nantariu-
