3094 4892
581 307 719 382 ,aare
736 305 770 362 11·
790 305 868 356 ⁵-⁸·
1263 305 1309 376 was

144 480 213 542 dam
241 483 452 556 miraculorum,
476 481 581 564 quibus
605 485 685 544 Deus
709 484 867 544 doctrinam
891 485 1119 556 confirmaverat,
1143 483 1256 564 copiam
1281 493 1310 543 et

144 586 325 650 varietatem.
344 623 381 632 -—
401 594 538 675 μερισμοὶ
553 599 606 654 τοῦ
621 593 789 674 πνευματος
804 587 890 674 ἁγίου
906 600 974 650 sunt
983 591 1059 651 dona
1074 588 1202 670 Spiritus
1217 609 1238 652 s.
1255 608 1309 649 ex·

146 692 338 754 traordinaria
359 695 499 774 apostolis
521 705 551 756 et
573 695 673 776 primis
694 695 858 758 christianis
879 715 1019 757 concessa.
1039 732 1076 741 -
1096 695 1144 756 Ad
1160 697 1240 760 κατὰ
1255 699 1309 782 τὴν

147 794 241 862 αὑτοῦ
255 802 385 888 θέλησιν
400 802 569 864 conferenda
584 803 749 862 suntverba
764 800 794 862 in
803 803 827 866 I.
843 821 887 881 ep.
897 799 1107 863 adCorintbios
1123 798 1207 884 (ΧΠ.
1226 795 1307 882 11.);

144 903 260 977 ,Haec
275 911 378 967 cotem
393 908 500 967 omnic
521 915 668 989 epactae·
692 927 775 968 caua
797 915 889 988 arque
910 907 991 970 idem
1011 905 1150 988 Spiritus
1171 903 1308 968 dividens

140 1009 282 1089 dapem,
294 1019 392 1093 pretet
404 1010 470 1074 volt
477 1015 500 1073 ⁸.

550 1189 896 1272 Parapbrasis.

602 1329 674 1412 op.
690 1332 729 1392 n.
747 1332 841 1396 1-4.

230 1467 309 1539 Quia
324 1488 390 1550 ergo
404 1471 474 1532 talis
489 1491 524 1532 ao
538 1480 639 1532 tantus
655 1481 700 1532 est
714 1469 856 1544 Obristns,
878 1491 912 1533 eo
931 1470 1086 1533 studiosius
1108 1472 1247 1532 debemus
1262 1471 1304 1531 le-

139 1593 205 1652 gem
220 1573 281 1635 eius
296 1583 384 1656 atque
400 1575 560 1638 doctrinam
575 1575 664 1638 mmel
679 1585 844 1656 susceptam
854 1576 975 1638 retinere
984 1576 1066 1656 eique
1075 1595 1109 1638 eo
1124 1575 1234 1638 firmius
1249 1578 1305 1636 ad-

137 1680 264 1741 haerere.
280 1701 316 1741 ne
332 1683 404 1742 forte
419 1684 530 1762 absque
545 1683 625 1744 omni
639 1681 830 1763 reparationis
839 1702 890 1762 spe
899 1699 1059 1762 pereamus.
1084 1680 1211 1750 Quodsi
1227 1683 1304 1744 enim

138 1783 187 1846 lex
203 1785 333 1848 Mosaios
348 1787 544 1850 mediantibus
558 1787 669 1868 angelis
684 1787 870 1870 promulgata
885 1797 987 1849 sancta
1001 1782 1056 1848 fuit
1075 1796 1104 1848 et
1119 1786 1304 1859 inviolabilis,

137 1891 181 1951 ita
196 1892 405 1974 etquicunque
420 1913 484 1955 earn
501 1891 719 1974 transmigraret
734 1893 816 1974 eique
832 1893 998 1956 inobediens
1013 1901 1089 1954 esset
1103 1909 1201 1954 serere
1215 1891 1303 1972 puni-

135 2005 230 2071 retnr;
245 2017 390 2078 quaenam
406 2019 500 2082 poena
515 1999 645 2062 manebit
660 2019 721 2077 nos,
737 2000 762 2061 si
777 1999 936 2061 doctrinam
951 1999 1131 2060 salutiferam
1153 2018 1173 2059 a
1187 1995 1304 2059 Christo

135 2101 197 2176 Dei¹
207 2101 283 2166 Filio
298 2105 458 2166 revelatam
474 2115 504 2168 et
519 2123 570 2186 per
584 2106 732 2187 apostolos
747 2105 838 2186 ipsius
854 2103 961 2166 Christi
984 2105 1129 2166 auditores
1144 2101 1303 2165 certissima

136 2209 191 2269 lide
208 2207 291 2270 nobis
313 2209 451 2272 traditam
474 2211 675 2292 spreverimns,
699 2211 783 2273 illam
808 2211 976 2284 doctrinam,
999 2229 1088 2290 quam
1113 2209 1193 2271 Deus
1214 2209 1302 2270 Pater

135 2314 222 2375 simol
237 2315 418 2378 confirmavit
432 2316 530 2397 signis,
546 2318 691 2399 prodigiis,
707 2317 780 2379 varii
795 2316 907 2398 generis
921 2315 1068 2378 miraculis
1083 2315 1221 2396 donisque
1230 2313 1300 2396 Spi-

134 2419 207 2481 ritus
223 2441 245 2482 s.
261 2421 299 2482 ad
315 2441 399 2484 suum
414 2421 567 2488 arbitrium
582 2423 764 2486 distributis?

635 2606 747 2664 secero
769 2608 800 2662 8.

136 2737 243 2799 Nova
264 2737 786 2820 religionisoecouomianon
810 2741 976 2821 sogolla,
992 2741 1055 2802 sed
1071 2739 1300 2801 Christoest

182 2843 367 2919 subiecta,
390 2845 481 2908 licet
503 2845 564 2908 bis
593 2847 628 2908 in
651 2845 1082 2908 terrisinferiorinerit
1103 2845 1254 2926 angelis.

594 2986 667 3069 Gap.
683 2989 722 3050 ll.
738 2987 834 3054 5-9.

136 3205 141 3214 Ι
222 3146 250 3187 ν.
265 3128 295 3193 5.
311 3125 356 3193 Ob
377 3134 436 3214 γὰρ
459 3128 601 3214 ἀγγέλοις
616 3126 744 3205 ὑπέταξε
757 3135 811 3218 νην
835 3127 1014 3216 οἰκουμένην
1034 3135 1088 3218 την
1113 3131 1295 3214 μέλλουσαν,

132 3235 199 3315 περὶ
213 3230 251 3318 ἧς
267 3236 428 3320 λαλοῦμεν.
441 3269 480 3282 -
492 3235 654 3316 Apostolus
662 3235 778 3316 respicit
792 3237 831 3297 ad
840 3253 966 3315 eaquae
981 3254 1008 3296 v.
1019 3237 1048 3302 3.
1058 3234 1219 3314 scripserat
1228 3236 1297 3296 doc-

132 3335 240 3398 trinam
255 3339 414 3402 salutarem
437 3341 523 3404 fuisse
546 3342 685 3404 traditam
707 3343 757 3408 διὰ
779 3352 832 3408 τοῦ
854 3346 975 3426 coptum
997 3350 1026 3402 et
1047 3339 1232 3404 cohaerentia
1254 3349 1298 3401 est

133 3445 219 3506 baec:
242 3442 396 3514 Quomodo
420 3447 537 3528 impune
560 3449 732 3521 evademus,
760 3447 891 3528 neglecta
912 3447 1049 3520 doctrim
1071 3464 1160 3527 quam
1186 3445 1298 3525 angelis

133 3549 217 3629 longe
231 3553 369 3632 superior,
383 3571 471 3633 quam
489 3555 566 3616 Deus
582 3552 717 3627 tradidit3
733 3573 790 3616 non
804 3553 882 3616 enim
891 3552 1003 3633 angelis
1012 3550 1134 3614 subiecit
1148 3552 1229 3614 Deus
1243 3557 1297 3640 την

133 3652 312 3744 οἰκουμένην
326 3664 379 3748 την
396 3661 580 3745 μέλλουσαν,
595 3663 632 3721 de
639 3679 699 3740 qna
708 3660 869 3740 loquimur3
885 3662 989 3724 verba:
1004 3662 1072 3744 περὶ
1088 3658 1126 3746 ἧς
1142 3660 1296 3742 λαλοῦμεν
1365 3690 1368 3694 ·

132 3761 313 3825 solummodo
327 3765 428 3826 addita
443 3775 520 3837 sunt,
535 3775 568 3828 ut
577 3765 738 3828 accuratius
747 3765 900 3828 deliniatur
914 3765 959 3826 vis
974 3775 1003 3826 et
1012 3774 1142 3844 potestas
1157 3762 1297 3826 formulae

133 3870 187 3953 την
202 3863 380 3956 οἰκουμένην
395 3877 449 3960 την
464 3873 646 3958 μέλλουσαν.
676 3871 762 3934 Nunc
777 3870 869 3932 oratio
892 3871 996 3932 lacuna
1011 3869 1134 3940 laborat,
1158 3886 1234 3947 quae
1254 3867 1297 3929 ita

132 3981 177 4032 est
200 3976 395 4037 resarcienda:
422 3979 472 4039 sed
497 3976 622 4049 Christo,
646 3975 689 4038 illi
711 3975 845 4049 Domino,
869 3977 948 4038 Deus
972 3981 1026 4063 την
1049 3972 1228 4060 οἰκουμένην
1243 3977 1296 4060 την

134 4081 309 4163 μέλλουσαν
333 4083 462 4146 subiecit
478 4117 520 4130 -
544 4081 707 4170 οἰκουμένη
729 4082 751 4170 ἡ
773 4084 931 4168 μέλλουσα
952 4083 1073 4144 denotat
1094 4081 1122 4140 b
1143 4079 1162 4140 l.
1177 4095 1296 4159 regnum

132 4187 249 4262 Christi,
264 4205 384 4268 reguum
399 4189 581 4250 Messianum
602 4189 650 4250 his
671 4189 701 4249 in
723 4187 806 4248 terris
827 4187 995 4249 inchoatum
1015 4195 1045 4246 et
1064 4184 1134 4247 olim
1158 4184 1189 4246 in
1210 4184 1296 4247 coelis

129 4295 394 4369 consummandum,
408 4314 483 4378 quae
498 4293 652 4376 explicatio
667 4291 775 4379 optime
790 4292 854 4355 usui
876 4289 1010 4374 loquendi
1026 4291 1225 4355 Hebraeorum
1240 4309 1287 4354 re·
