3096 4886
420 352 548 418 Expositic
566 349 623 400 XII.
642 347 828 416 29.;pnrspbr‚
847 349 892 400 XI.
910 347 1025 400 25-29.
1235 349 1300 415 2Ῑῖ

133 538 226 619 όμενοι
249 530 375 593 voluerit
396 529 529 611 intelligi.
546 567 588 578 -
605 529 774 596 ἀοάλεοτον
796 529 860 592 coll.
882 549 910 591 v.
932 546 1026 610 praec
1050 527 1128 590 idern
1150 537 1202 602 est,
1225 530 1302 610 quod

139 645 173 706 τὸ
189 644 232 728 μὴ
247 642 456 725 σαλευόμενον,
472 638 502 699 id
517 639 594 718 quod
608 637 722 698 firmum
746 645 791 698 est
812 646 842 696 et
863 635 978 708 stabile,
1000 633 1154 697 mutationi
1176 654 1233 696 non
1248 637 1303 697 cb-

139 745 276 820 noxium3
292 747 475 829 οι.βαοιλεία
490 743 667 820 ἀσάλευτος,
689 759 809 824 reguum
831 741 946 816 stabile,
965 739 1156 814 immutabile,
1177 750 1211 802 ut
1233 761 1303 803 con-

135 861 237 914 textus
262 852 355 925 docet,
377 851 478 932 utique
492 861 538 912 cst
558 869 677 931 regnum
700 849 817 922 Christi,
840 851 917 930 quod
937 857 1077 928 perpetuo
1097 847 1188 920 lloret,
1211 847 1301 934 bisin

136 958 220 1020 terris
236 957 362 1038 incoepit
377 957 451 1019 etin
461 957 578 1019 coeloin
587 966 736 1018 aeternum
752 955 877 1018 durabit.
888 989 928 1002 -
939 955 1059 1042 ἔχωμεν
1068 961 1167 1042 χάριν,
1177 953 1302 1035 gratiam

136 1067 199 1128 Deo
214 1065 422 1147 persolvamus.
439 1100 479 1109 -
492 1063 594 1124 Verba
610 1064 695 1158 baec:
712 1063 832 1150 ἔχωμεν
847 1069 937 1148 χάριν
953 1061 1121 1142 interpretes
1135 1061 1233 1142 plures
1248 1081 1302 1123 ex-

135 1171 262 1252 plicant:
277 1169 411 1251 gratiam,
431 1168 450 1230 i.
468 1189 492 1231 e.
507 1170 637 1231 favorem
651 1168 716 1242 Dei,
738 1169 784 1230 vel
807 1168 903 1248 ipsam
926 1167 1092 1248 religIcuem
1114 1166 1301 1229 christianam

136 1277 236 1338 diviua
260 1276 355 1358 gratia
376 1275 461 1338 nobis
480 1294 652 1348 concessam,
674 1283 839 1338 constanter
859 1283 1019 1348 teneamus,
1040 1282 1074 1335 ut
1088 1274 1169 1360 ἔχειν
1191 1274 1302 1336 habeat

136 1381 198 1446 vim
213 1382 294 1445 verbi
309 1388 458 1469 κατέχειν,
474 1381 603 1443 retinere.
635 1380 694 1443 Ast
715 1379 884 1444 insolentior
905 1390 950 1442 est
970 1380 1096 1442 formula
1116 1387 1205 1468 χάριν
1221 1379 1302 1468 ἔχειν

132 1507 186 1571 pro
207 1497 363 1578 νιατέχειν;
386 1490 665 1552 contraadmcdum
686 1489 819 1569 frequens
840 1493 931 1575 χάριν
946 1487 1035 1574 ἔχειν,
1051 1487 1160 1567 gratias
1184 1489 1301 1559 habere,

136 1599 195 1672 (ex.
211 1615 251 1678 gr.
267 1598 290 1658 I.
306 1596 382 1662 Tim.
397 1597 421 1658 Ι.
434 1597 500 1673 12.;
515 1597 555 1658 11.
562 1596 638 1659 Tim.
655 1598 679 1658 I.
689 1597 719 1662 3.
735 1591 804 1680 al.);
820 1603 850 1669 et
859 1613 999 1675 perquam
1014 1593 1185 1656 conveniens
1200 1606 1244 1656 est
1254 1595 1302 1656 hic

132 1703 273 1766 formulae
288 1723 389 1764 sensus
404 1701 525 1765 orationi
540 1711 700 1764 contextae.
731 1701 886 1763 Praeterea
901 1699 926 1762 si
940 1717 992 1781 per
1000 1706 1091 1787 χάριν
1108 1699 1301 1762 intellexisset

134 1809 255 1890 scriptor
269 1810 397 1872 favorem
406 1809 470 1882 Dei,
486 1829 537 1870 seu
546 1808 714 1889 religionem
723 1808 912 1871 christianam
921 1806 1110 1880 retinendam,
1125 1807 1301 1868 hauddubie

58 1918 62 1923 ’
134 1915 303 1996 scripsisset:
334 1921 388 2005 τὴν
404 1921 495 2002 χάριν
510 1921 697 2002 κατέχωμεν,
723 1935 773 1976 seu
795 1921 1001 2000 ιιατέσχωμεν,
1025 1933 1082 1994 quo
1103 1915 1192 1975 verbo
1213 1931 1302 1994 supra

136 2022 351 2090 111.c.14.in
374 2020 461 2084 simili
483 2033 653 2101 argumento
675 2041 745 2084 usus
766 2030 817 2094 est.
834 2057 874 2066 -
892 2015 1069 2105 εὐαρέστως,
1092 2021 1130 2080 ad
1151 2019 1301 2100 placitum,

133 2128 177 2190 ita
192 2137 226 2190 ut
240 2128 417 2209 placeamus.
434 2165 476 2174 —
492 2124 643 2211 εὐλάβεια,
659 2129 735 2210 quod
757 2126 833 2190 alias
854 2135 898 2188 est
922 2125 1025 2206 pietas,
1047 2124 1147 2206 religio
1162 2135 1223 2198 eto,
1245 2125 1302 2200 bic,

134 2234 285 2315 flagitante
307 2233 500 2316 propositione
522 2236 722 2315 subsequente,
745 2243 789 2296 est
810 2243 914 2307 metus,
935 2233 1025 2294 favor.
1042 2233 1167 2305 -δέος
1189 2231 1303 2314 proprie

133 2349 179 2402 est
193 2342 293 2422 pudor,
308 2340 383 2415 dein,
399 2350 432 2402 ut
447 2342 476 2402 h.
492 2340 521 2414 l.,
536 2341 704 2402 reverentia.

223 2483 251 2526 v.
268 2465 320 2532 29.
335 2463 400 2530 Kal
421 2469 479 2550 γὰρ
500 2462 608 2538 ὁΘεὸς
630 2463 714 2555 ἡμῶν
736 2475 793 2548 πῦρ
816 2465 1046 2529 καταναλίσκον.
1074 2499 1114 2507 -
1138 2462 1301 2543 Propositic

133 2571 167 2634 h.
183 2571 203 2636 l.
219 2589 366 2633 occurrens
381 2573 514 2633 desumta
529 2580 573 2634 est
588 2591 625 2633 ex
635 2571 721 2636 Deut.
731 2571 786 2636 IV.
802 2570 865 2642 24,
874 2569 925 2631 ubi
940 2569 971 2630 iu
985 2587 1059 2634 vers.
1074 2567 1169 2632 Alex.¹
1179 2567 1300 2648 legitur:

133 2673 201 2754 ,ὅτι
216 2681 321 2763 adpro:
341 2675 357 2742 ὁ
374 2675 450 2752 Θεός
466 2701 520 2743 cco
536 2688 593 2762 πῦρ
616 2679 837 2742 καταναλίσκον
859 2674 967 2741 castrt.
998 2673 1028 2738 S.
1043 2681 1143 2736 auctor
1157 2673 1303 2735 declarare

136 2783 247 2846 voluit:
270 2803 339 2845 nam
362 2785 450 2846 etiam
465 2784 545 2846 Deus
567 2793 664 2846 noster
685 2783 759 2864 ignis
781 2801 951 2845 consumens
972 2780 1025 2855 cst,
1041 2782 1070 2842 h.
1087 2799 1111 2843 e.
1133 2799 1190 2841 non
1205 2779 1300 2842 minus
1393 2837 1395 2840 .

134 2889 262 2970 graviter
276 2890 440 2952 christianis
449 2890 636 2971 peccantibus
651 2888 791 2962 irascitur,
807 2907 896 2969 quam
911 2885 981 2949 clim
991 2886 1132 2948 Israelitis
1146 2885 1237 2947 iratus
1246 2885 1302 2948 fuit

132 2996 337 3076 peccantibus3
353 2995 580 3077 facillimumque
595 3005 639 3057 est
654 2995 689 3068 ei,
711 3015 768 3057 non
783 2994 879 3056 minus
893 3013 982 3074 quam
1003 2993 1061 3074 igni
1078 2989 1301 3072 flagrantissimo

132 3121 191 3175 eos,
207 3122 279 3182 quos
294 3101 425 3184 arripuit,
440 3103 564 3184 pessime
579 3103 703 3184 perdere.

541 3296 890 3378 Paraphrasis.

505 3455 577 3537 (lap.
601 3456 675 3522 XII.
705 3475 753 3518 vv.
787 3457 927 3524 25-29.

223 3615 340 3690 Cavete,
355 3637 391 3677 ne
406 3617 500 3678 Deum
517 3615 674 3696 repudietis
688 3615 866 3696 loquentem3
888 3615 913 3676 si
936 3616 1013 3676 enim
1035 3615 1079 3677 illi
1101 3635 1159 3677 nou
1181 3616 1299 3698 impunc

45 3749 48 3754 ·
131 3733 294 3796 evaserunt,
310 3722 358 3804 qui
368 3725 463 3784 Deum
479 3724 515 3784 de
529 3731 627 3783 monte
636 3720 718 3784 Sinai
733 3739 785 3802 per
794 3723 916 3803 Moysen
925 3722 1091 3802 loquentem
1104 3721 1299 3802 repudiarunt,

131 3837 242 3910 quanto
257 3828 353 3890 miuus
369 3849 421 3890 nos
435 3827 553 3910 impune
568 3829 734 3902 evademus,
749 3827 773 3890 si
789 3829 885 3890 Deum
901 3845 952 3908 per
967 3825 1117 3890 Christum
1131 3827 1299 3907 loquentem

131 3934 302 4016 spemimus‚
318 3934 398 3997 cuius
413 3953 472 3997 vox
491 3944 597 3996 terram
613 3933 757 3997 concussit
771 3943 849 4008 tunc,
858 3935 975 4014 quando
991 3933 1040 3994 lex
1055 3935 1126 3994 data
1135 3932 1207 4009 iuit3
1223 3954 1300 3997 nuuc

130 4058 200 4102 vero
215 4040 408 4102 commovebit
432 4060 489 4102 non
505 4039 599 4101 solum
614 4049 731 4114 terram,
753 4041 803 4102 sed
825 4039 915 4101 etiam
936 4038 1057 4112 coelum,
1079 4037 1154 4101 sicut
1167 4041 1300 4121 promisit

130 4148 210 4227 apud
226 4147 400 4226 prophetam
424 4147 607 4226 Haggaeum,
623 4147 736 4208 diceus:
752 4147 847 4207 adhuc
868 4145 966 4219 semel,
988 4154 1017 4207 et
1038 4165 1090 4226 ego
1112 4148 1299 4210 commovebo

134 4271 191 4314 non
208 4251 303 4312 solum
318 4261 435 4326 terram,
457 4255 508 4314 sed
529 4261 560 4313 et
579 4254 699 4316 coelum.
730 4252 788 4314 Illa
800 4261 908 4314 valutem
929 4252 959 4313 in
983 4251 1171 4332 promissione
1193 4255 1299 4316 verba:

130 4357 255 4434 ,adhuc
269 4358 392 4432 sancit
408 4359 557 4422 declarant
578 4359 794 4442 abrogationem
815 4377 922 4432 eorum,
946 4377 1020 4440 quae
1042 4367 1111 4420 sunt
1133 4358 1291 4424 mutationi
