3096 4886
260 285 327 358 210
682 283 875 356 meaaom.
889 280 1003 341 rr-1a.

349 486 378 534 v.
395 467 445 534 lt.
456 462 538 533 Ἴοττ
552 470 621 552 γὰρ,
636 465 682 533 ὅτι
695 472 749 533 καὶ
764 474 924 554 μετόττττα
937 470 1042 534 θόλων
1064 469 1296 558 κληρονομῆσαι
1310 472 1365 557 την
1377 461 1431 533 τό·

244 577 376 662 λογίαν,
398 571 642 660 ἀπεδοκιμάσθη·
667 579 825 660 μετανοίας
851 578 910 660 γὰρ
932 580 1022 640 τόπον
1044 571 1104 661 οὐχ
1125 571 1202 661 cipe,
1224 578 1332 659 καίτερ
1355 577 1431 660 μετὰ

207 761 210 770 Ι
263 683 402 766 δακρόων
417 677 587 768 ἐκζητηοας
609 676 709 769 αὐτην.
726 715 767 726 -
780 675 860 744 ’lore
884 699 942 744 non
961 689 1006 742 est
1025 679 1226 764 imperativus,
1247 679 1359 753 scitote,
1380 681 1431 742 sed

259 784 440 859 indicativus,
455 785 542 848 scitis
558 821 602 832 -
612 783 743 867 εόλοηὶα,
759 794 792 848 ut
801 795 956 848 meterius
971 787 1063 861 dccet,
1078 805 1135 848 nou
1144 785 1279 870 quamvis
1288 787 1431 850 bonorum

259 891 493 977 apprecatiouem
507 893 636 966 όοοοῑοτ,
651 892 702 954 sed
718 911 792 965 earn,
807 911 883 972 quae
898 891 954 975 ipsi
970 891 1160 974 primogenito
1183 890 1330 954 desdnata
1351 899 1430 967 erat3

260 1019 354 1081 neque
364 995 648 1083 Fsavus(cull.Gen.
658 997 798 1061 XXVII.
807 999 859 1065 39.
868 997 1004 1082 ss.)0mni
1014 998 1213 1062 benedictione
1222 999 1321 1060 fausta
1329 998 1431 1071 caruit,

262 1108 314 1170 sed
330 1102 409 1190 (coll.
436 1102 511 1170 Gen.
532 1103 671 1169 XXVIL
692 1105 744 1171 33.
765 1103 818 1188 ss.)
840 1103 902 1176 ills,
924 1123 999 1185 quae
1020 1107 1209 1186 competebat
1228 1104 1430 1186 primogenito.

260 1212 365 1277 Noluit
379 1211 499 1272 Isascus
514 1217 597 1292 pater
611 1209 641 1272 in
657 1209 746 1272 Fsavi
761 1210 885 1291 gratiam
900 1230 944 1284 ea,
960 1230 1036 1291 quae
1045 1210 1157 1274 Jacobo
1175 1219 1350 1294 apprecatus
1359 1219 1432 1284 eret,

259 1325 414 1380 retractare
429 1325 460 1378 et
474 1325 545 1379 vota
559 1315 641 1380 irrita
655 1316 801 1379 declarare
816 1326 905 1398 atque
913 1325 1049 1398 repetere.
1081 1316 1201 1399 Egregie
1216 1337 1239 1381 s.
1248 1317 1362 1380 Paulus
1375 1318 1431 1380 lnce

262 1422 353 1488 Fsavi
368 1421 502 1503 exemplo
517 1423 607 1496 docet,
623 1422 804 1496 christianos,
819 1423 869 1504 qni
884 1431 1002 1504 propter
1017 1425 1168 1487 commode
1182 1431 1306 1498 terrena,
1320 1425 1431 1486 caduca

255 1538 292 1596 et
305 1528 407 1592 brevia
421 1527 587 1609 religionem
602 1527 711 1592 Christi
726 1538 864 1610 spernant
885 1531 925 1591 eb
947 1548 1039 1610 eaque
1053 1528 1220 1602 desciscant
1241 1529 1431 1610 irreparabile

260 1637 400 1700 murnum
416 1633 471 1698 sibi
480 1635 657 1709 contrahere,
672 1654 721 1698 ecs
736 1655 793 1698 nou
802 1655 887 1716 posse
902 1633 1184 1717 consequipraemia,
1199 1635 1306 1716 quibus
1320 1633 1431 1698 (lhristi

261 1742 385 1808 cultores
399 1740 466 1804 fidei
481 1741 646 1804 comtantia
660 1740 806 1824 conspicui
821 1741 853 1802 in
872 1741 966 1804 altera
986 1742 1050 1804 vita
1069 1745 1214 1816 ornentur,
1235 1761 1329 1822 neque
1351 1741 1430 1804 enim

261 1846 680 1915 meminissemus
700 1846 883 1928 primogeniti
907 1847 1056 1929 recepisse
1073 1883 1114 1896 -
1131 1854 1274 1935 μετάνοια
1295 1847 1379 1909 valet
1393 1849 1428 1909 de

259 1953 420 2016 mutatione
436 1951 542 2016 mentis
557 1950 674 2029 lodoci,
690 1973 749 2016 non
763 1963 862 2016 autem
880 1955 999 2030 Esuni3
1020 1955 1101 2016 Esau
1121 1953 1198 2016 enim
1219 1955 1300 2035 apud
1314 1962 1428 2036 patrem

257 2079 343 2124 suum
357 2059 468 2124 consilii
483 2058 675 2122 mutationem
684 2061 795 2123 efficere
809 2081 867 2124 non
882 2059 988 2141 potuit,
1003 2061 1081 2142 quod
1090 2069 1190 2142 aperte
1199 2068 1326 2122 testatur
1335 2059 1427 2141 scrip-

257 2176 325 2230 tura
340 2164 428 2252 (Gen.
443 2165 581 2230 XXVII.
598 2163 665 2252 33.)
681 2184 811 2241 narrem,
826 2168 961 2230 Isaaeum
976 2165 1084 2229 dixisse
1099 2168 1136 2229 de
1149 2167 1277 2230 Jacobe:
1300 2168 1427 2243 ,Bene-

256 2274 327 2338 dc'ni
342 2275 380 2346 ci,
397 2282 427 2338 et
441 2274 502 2335 erit
516 2273 723 2348 benedictum,
745 2273 764 2336 i.
781 2293 805 2336 e.
821 2273 995 2336 seutentiam
1017 2292 1075 2336 non
1097 2282 1187 2336 muto.
1203 2309 1246 2320 -
1263 2273 1426 2336 Pronomen

254 2377 348 2468 αὐτὴν
362 2379 542 2442 referendum
557 2387 601 2440 est
615 2380 653 2442 ad
669 2380 906 2466 perducturam
920 2399 1024 2444 sensu:
1040 2378 1174 2460 quamvis
1189 2378 1280 2442 etiam
1294 2399 1362 2444 cum
1377 2379 1424 2442 la·
1531 2419 1532 2429 τ

254 2486 351 2552 onmis
366 2484 476 2551 consilii
491 2484 583 2567 patris
598 2484 643 2548 sni
658 2486 848 2549 mutationem
865 2485 1068 2567 requisivisset

346 2613 375 2656 v.
394 2592 443 2658 18.
459 2587 504 2656 Ol)
519 2595 577 2676 γὰρ
593 2595 847 2680 προςτληλόθατο
861 2594 1076 2680 ψηλαφωμένῳ
1095 2595 1147 2656 καὶ
1162 2597 1342 2678 κεκαυμένῳ
1355 2596 1425 2677 πυρὶ

254 2703 308 2768 καὶ
323 2704 423 2786 γνόφῳ
438 2701 491 2762 καὶ
506 2701 587 2784 ζόφῳ
601 2701 654 2764 καὶ
669 2700 804 2785 όοόλλη,

347 2826 375 2871 v.
393 2805 442 2870 19.
457 2806 510 2870 καὶ
525 2805 691 2886 σάλπιγγος
706 2804 776 2892 ἤχῳ
791 2808 844 2870 καὶ
865 2815 952 2892 φωνῇ
968 2801 1119 2891 ῥημάτων,
1141 2803 1179 2892 ης
1195 2799 1224 2868 οἱ
1238 2802 1424 2879 ἀκοόοαντος
1526 2799 1527 2823 ’

253 2918 466 3000 παρῃτήσαντο
479 2915 521 2998 μὴ
530 2913 734 3000 τροςτεόῆναι
743 2907 845 2984 αὐτοῖς
854 2913 955 2994 λόγον.
964 2945 1009 2958 -
1019 2909 1183 2991 Apostolus
1197 2911 1424 2974 admonenslec-
1524 2887 1526 2981 l

252 3016 1015 3096 toressucsdeperseverantiefidei,nuceam-24
1022 3016 1424 3098 argumentumrepetitore-
1523 3035 1524 3059 ν

253 3122 1127 3206 όίμίοκίοοΙκόεόόοκοομταωόακόίο,ηοοοοοωωόΜοοαίοο,
1133 3122 1285 3198 sevaresit,
1291 3123 1424 3196 molesta,

252 3230 350 3294 ubivis
364 3229 552 3302 minabunda,
567 3231 617 3292 sed
627 3230 751 3294 salutem
762 3230 922 3311 promittat,
932 3229 1079 3312 gaudium,
1094 3249 1176 3310 spem
1186 3237 1276 3311 atque
1286 3230 1422 3292 fiduciam

200 3334 204 3344 ’
252 3337 384 3400 instillet
416 3335 533 3419 ,Lapis
548 3338 631 3399 enim
654 3333 710 3421 (ait
723 3359 748 3405 a.
763 3332 979 3422 Aopoerioos)
1002 3344 1033 3398 et
1046 3334 1220 3420 Eomsyelii
1243 3337 1423 3424 differentia

248 3454 300 3510 cat
314 3446 409 3508 timor
423 3449 450 3506 et
465 3446 588 3507 omor‘.
602 3477 646 3490 -
661 3441 867 3523 Respicinntur
888 3442 918 3504 in
933 3441 980 3504 his
1001 3451 1032 3505 et
1052 3461 1131 3524 seqq.
1154 3459 1243 3508 veras.
1259 3442 1316 3506 loci
1330 3443 1423 3509 Exod.

253 3550 346 3616 XIX.
361 3557 391 3611 et
405 3548 496 3623 XX;
512 3556 542 3610 et
556 3549 642 3612 Dent.
657 3549 714 3636 lii.
724 3558 754 3610 et
762 3549 801 3610 V.
813 3559 854 3596 -’
867 3549 939 3614 Post
947 3551 1069 3612 verbum
1079 3550 1294 3636 ψηλαφωμένῳ
1309 3569 1421 3630 ponen-

251 3660 321 3722 dum
337 3664 382 3720 est
396 3655 474 3742 όρτι;
496 3674 579 3718 mons
594 3654 676 3716 Sinai
696 3655 864 3736 appellatur
879 3659 1111 3743 ψηλαφώμενος,
1134 3654 1185 3736 qui
1199 3654 1337 3718 manibus
1352 3665 1421 3718 tau-

252 3764 329 3846 gitur
343 3772 396 3826 aut
410 3761 492 3842 tangi
507 3769 612 3842 potest
628 3759 697 3842 quie
712 3759 789 3846 (coll,
805 3780 833 3826 ν.
851 3760 916 3845 22.)
931 3761 1024 3824 monti
1046 3759 1117 3826 Sion
1139 3759 1259 3826 coelesti
1279 3781 1316 3824 an
1335 3761 1421 3843 spiri·

249 3869 324 3934 tueli
345 3867 507 3952 opponitur.
554 3902 565 3912 ·
581 3867 697 3930 Verba:
720 3874 896 3955 κακουμένῳ
910 3871 979 3953 nupt
1001 3887 1060 3930 non
1074 3885 1126 3948 per
1140 3887 1172 3930 se
1194 3869 1345 3942 sumenda,
1370 3869 1418 3930 sed

250 3996 315 4040 cum
331 3971 569 4056 praecedentibus
577 3972 737 4035 armmsime
752 3975 892 4038 nectenda
901 3982 986 4037 sunt:
1001 3992 1059 4036 non
1068 3972 1276 4038 accessistisad
1290 3984 1419 4038 montem

250 4079 485 4148 contrectabilem
499 4087 530 4141 et
544 4078 610 4160 igne
624 4099 776 4144 accensum
791 4078 853 4164 (cir.
869 4081 955 4144 Dent
971 4079 1026 4147 IV.
1046 4080 1111 4154 ll.;
1125 4079 1166 4142 V.
1183 4080 1251 4154 234
1266 4079 1326 4143 IX.
1345 4079 1416 4162 ln).

249 4223 293 4236 -
307 4182 419 4276 γνόφος
442 4193 487 4248 est
508 4187 601 4248 nubes
615 4187 706 4248 densa
729 4196 759 4248 et
773 4185 950 4268 calliginosa,
976 4185 1093 4250 nebula.
1108 4219 1152 4234 -
1167 4189 1260 4274 ζόφος
1274 4188 1417 4260 tenebras,

248 4293 401 4378 caliginem
414 4289 532 4354 iudicat.
542 4326 585 4338 -
595 4293 717 4360 θόελλα
726 4301 772 4358 est
780 4294 875 4368 turbo,
883 4292 1020 4375 procella
1032 4326 1072 4340 -
1090 4291 1146 4357 Per
1160 4290 1239 4384 ἦχον
1250 4297 1416 4380 οάλπιηηος
