3064 4894
538 208 663 272 expostus
683 207 754 256 viu.
784 205 828 255 ιο.Δ
847 205 886 256 u.
1232 209 1295 274 135

119 383 232 461 alnao,
250 389 331 468 λέγει
346 391 458 472 νιοριος.
474 421 518 433 -
535 387 590 448 Pro
606 385 733 472 ἐποίησα
743 388 821 466 apud
837 385 937 446 LXX.
954 385 1072 466 legitur:
1088 387 1125 473 ἣν
1141 387 1293 471 διεθέμην.

119 529 169 536 -
186 493 277 554 Loco:
294 492 325 559 ἐν
340 493 448 581 ἡμέρα,
465 492 684 579 ἐπιλαβομένου
710 501 767 576 μοι’)
783 504 836 580 τῆς
853 497 955 578 χειρὸς
971 489 1067 558 αὐτῶν
1089 491 1193 552 melius
1215 491 1294 552 dice-

119 607 217 660 retur:
235 597 265 664 ὲν
281 599 389 688 ἡμέρα,
406 598 436 664 ἐν
452 598 472 685 ᾗ
489 597 681 685 ἐπελαβόμην
697 611 750 686 τῆς
762 603 865 684 χειρὸς
874 595 979 664 αὐτῶν.
997 637 1025 644 -
1044 599 1099 660 Pro
1114 596 1200 680 νιάγὼ
1216 595 1292 686 ἠρέ-

120 707 207 790 ληοα
231 702 326 770 αὐτῶν
348 705 378 766 in
403 715 486 766 textu
508 704 642 766 hebraico
665 704 799 766 occurrit:
825 723 880 809 ῃςτγ
902 706 1015 810 *pelag->3
1036 713 1143 811 *pipp
1160 704 1293 785 Vulgata

122 827 229 890 vertit:
256 838 305 905 ,et
328 850 381 911 epo
404 830 585 892 dominatus
607 851 679 890 eam
701 833 839 891 eoram‘.
877 829 1011 890 Verbum
1026 831 1099 936 512?
1116 828 1215 910 utique
1239 831 1293 892 do-

126 952 232 1014 minari
264 952 418 1032 significat;
450 962 599 1032 praeterea
620 969 688 1011 vero
718 952 807 1012 etiam
840 950 984 1023 fastidire,
1010 951 1163 1033 despicere,
1193 951 1235 1014 ita
1259 963 1292 1014 ut

120 1058 213 1120 etiam
247 1057 339 1119 versio
373 1075 473 1138 graeca
503 1057 603 1118 literae
637 1067 736 1119 textus
767 1057 918 1119 conformis
940 1057 1046 1118 censeri
1077 1058 1174 1139 possit.
1215 1058 1291 1120 Seu-

117 1183 187 1226 sum
203 1164 342 1226 versionis
359 1163 467 1226 latinae
483 1167 554 1226 bene
570 1163 698 1226 illustrat
715 1165 831 1227 Estiae
852 1163 937 1226 iuxta
957 1187 980 1227 e.
1000 1163 1170 1228 Tltomem:
1194 1166 1290 1242 ,Do-

116 1273 244 1334 minum
259 1291 308 1332 me
323 1291 387 1332 eece
403 1272 530 1342 ostendi,
546 1291 609 1332 oen
622 1271 875 1352 pooensimpnne
891 1269 985 1351 legem
1001 1291 1103 1333 meane
1119 1275 1290 1343 contemni,·

116 1377 233 1458 puniri
250 1397 300 1437 eoo
313 1398 373 1460 pro
389 1379 513 1440 maten
530 1386 680 1456 tanquam
698 1397 806 1440 οοναιιι
821 1375 969 1440 deminae
991 1385 1083 1456 οιριιι
1104 1379 1150 1440 ito
1170 1381 1290 1459 punivi,

117 1491 157 1545 at
172 1483 337 1545 obiicerem
354 1503 404 1545 eoo
420 1493 449 1544 et
461 1503 521 1565 poe
537 1481 683 1564 neglectio
698 1482 842 1544 nahmens
852 1488 873 1544 “.

207 1609 235 1654 v.
254 1590 302 1655 10.
314 1585 385 1654 Ὅτι
396 1585 472 1673 αὕτη
487 1588 654 1676 ἡδιαδήνιη
665 1589 762 1674 [ροο],
772 1590 809 1676 ἣν
820 1589 1006 1676 διαθήσομαι
1017 1600 1057 1674 τῷ
1074 1589 1147 1673 οἴκῳ
1158 1585 1284 1679 Ἰσραὴλ

116 1699 193 1781 μετὰ
209 1699 264 1770 τὰς
279 1696 395 1784 ἡμέρας
412 1695 538 1769 ἐκείνας,
555 1699 635 1775 λέγει
651 1699 764 1779 alpino,
781 1695 880 1768 διδοὺς
895 1699 1004 1780 νόμους
1020 1718 1078 1782 μου
1094 1693 1136 1769 εἰς
1151 1701 1205 1784 τὴν
1221 1696 1287 1761 διά-

118 1823 203 1867 νοιαν
219 1798 324 1876 αὐτῶν,
335 1805 387 1867 καὶ
403 1800 450 1866 ἐπὶ
460 1802 586 1885 καρδίας
602 1797 699 1866 αὐτῶν
709 1800 863 1887 ἐπιγράψω
873 1797 991 1875 αὐτοὺς,
1008 1805 1060 1865 καὶ
1070 1801 1177 1887 ἔσομαι
1186 1799 1287 1872 αὐτοῖς

118 1906 162 1982 εἰς
179 1907 262 1982 Θεὸν,
278 1913 330 1972 καὶ
346 1905 430 1973 αὐτοὶ
445 1908 563 1972 ἔσονταί
580 1929 629 1992 μοι
646 1905 686 1980 εἰς
703 1911 786 1972 λαόν.
806 1941 842 1951 -—
853 1907 960 1968 Verbis
975 1901 1073 1968 hocin
1089 1925 1173 1968 versu
1188 1925 1287 1969 occur-

112 2011 1285 2096 rentibusexponitqualesitquodpromittitNorumTostamentum.-Verbls:

116 2125 193 2208 μετὰ
208 2124 263 2194 τὰς
278 2120 395 2209 ἡμέρας
411 2119 526 2185 ἐκείνοις
543 2121 719 2200 significetur
736 2121 763 2181 in
774 2137 874 2199 genere
889 2122 1019 2182 futurum
1028 2119 1145 2202 aliquod
1161 2131 1284 2202 tempus,

114 2225 282 2290 hominibus
298 2226 413 2306 quidem
423 2225 571 2299 incertum,
587 2228 637 2288 sed
647 2228 709 2288 Deo
725 2237 833 2288 certum
849 2227 1051 2301 acdefinitum,
1067 2246 1124 2308 quo
1139 2238 1285 2289 transacto

112 2335 172 2405 fiet,
188 2335 264 2413 quod
280 2333 462 2414 praedicitur.
481 2371 521 2379 --η
540 2329 623 2397 οἶκος
641 2331 766 2422 Ἰσραήλ
784 2353 899 2395 omnem
915 2333 1056 2416 populum
1072 2334 1218 2396 ludoicum
1233 2333 1280 2396 hic

113 2437 256 2520 designat.
325 2441 441 2506 διάνοια
457 2451 486 2500 et
501 2441 611 2525 καρδία
623 2451 691 2502 sunt
706 2459 790 2502 voces
800 2439 1017 2522 aequipolentes
1032 2439 1144 2502 nonnisi
1154 2441 1209 2503 hoc
1218 2459 1283 2503 cum

113 2544 285 2618 discrimine,
301 2547 377 2626 quod
395 2546 471 2627 prior
485 2546 579 2626 magis
601 2549 639 2608 ad
655 2546 843 2618 intellectum,
866 2547 1006 2628 posterior
1027 2563 1095 2608 vero
1117 2549 1154 2608 ad
1176 2546 1283 2608 volun-

113 2661 207 2714 tatem
221 2653 368 2713 referenda
383 2652 429 2714 sit.
461 2654 539 2714 Deus
555 2671 621 2733 ergo
637 2653 729 2732 legem
745 2672 853 2715 novam
868 2671 924 2714 non
949 2651 1029 2714 libris
1044 2661 1097 2714 aut
1112 2652 1221 2713 tabulis
1236 2651 1282 2714 iu-

113 2757 221 2829 scribit,
244 2767 276 2819 ut
298 2755 368 2820 olim
388 2761 468 2839 apud
489 2757 626 2832 Judaeos,
648 2761 696 2820 sed
721 2759 775 2841 ipsi
798 2759 887 2820 menti
912 2769 941 2820 et
962 2760 1037 2820 cordi
1064 2759 1221 2822 hominurn.
1239 2794 1281 2803 -

112 2864 230 2926 Verba:
247 2862 289 2938 εἰς
305 2863 380 2929 Θεὸν
395 2873 425 2924 et
440 2861 481 2937 εἰς
497 2867 573 2930 λαόν
596 2883 646 2945 ρει
661 2865 859 2927 hebraismum
882 2866 959 2928 dicta
980 2875 1048 2927 sunt
1071 2883 1138 2948 pro:
1161 2861 1237 2938 Θεός
1252 2875 1282 2926 et

112 2973 205 3046 λαός;
221 2990 321 3032 seusus
337 2981 395 3032 est:
418 2969 556 3051 singulari
573 2971 685 3034 ratione
706 2972 742 3032 iis
764 2973 868 3034 favebo
887 2981 916 3033 et
939 2971 995 3054 ipsi
1017 2991 1064 3034 me
1079 2974 1174 3034 Deum
1196 2991 1281 3034 suum

111 3086 269 3158 agnoscent
283 3087 312 3138 et
327 3075 374 3159 ple
390 3077 491 3138 colent.
510 3111 550 3123 -
564 3075 675 3140 Similis
689 3085 786 3140 nostro
801 3077 896 3140 versui
906 3078 985 3140 locus
994 3079 1074 3158 apud
1085 3080 1279 3142 Ezechielem

112 3180 184 3268 (XI.
202 3185 251 3249 19.
269 3183 333 3264 20.)
349 3181 483 3245 occurrit:
502 3183 571 3258 ,Et
587 3185 666 3246 dato
683 3186 727 3247 ee'o
750 3205 803 3247 eor
818 3207 923 3248 unane
946 3195 975 3247 et
998 3187 1149 3268 spiritam
1164 3207 1280 3249 novum

110 3294 146 3356 e'n
161 3292 333 3354 ee'eeeoa'bnc
348 3310 466 3361 eornm,
482 3297 510 3352 el
525 3291 673 3370 auferam
690 3310 743 3353 οοι·
759 3290 919 3372 lapideam
943 3293 980 3354 do
994 3311 1089 3356 earne
1110 3313 1229 3368 eoram,
1252 3301 1281 3356 et

113 3399 192 3460 dabo
209 3399 254 3459 eo'o
270 3417 323 3460 cer
338 3415 496 3472 carneam,
519 3405 554 3458 at
575 3397 611 3457 o'n
623 3399 796 3480 praeceptio
820 3400 897 3460 meis
919 3396 1088 3473 ambulent,
1109 3408 1138 3462 et
1158 3399 1280 3462 enatato

113 3525 182 3566 meo
198 3503 572 3584 custodiantsaoe'ontque
587 3521 633 3575 ea,
654 3511 682 3564 et
697 3505 761 3566 sint
775 3505 854 3566 mtto·
876 3507 911 3566 e'n
924 3505 1086 3587 populum,
1102 3514 1131 3566 et
1146 3525 1200 3586 ορο
1216 3508 1278 3568 eim

113 3613 156 3672 eis
171 3612 206 3672 ιἰι
224 3609 364 3672 Deam“.

200 3735 227 3775 v.
246 3715 297 3780 11.
315 3711 379 3779 Καὶ
395 3712 430 3779 οἰ)
447 3719 488 3803 μὴ
505 3715 661 3788 διδάξωσιν
671 3714 801 3790 ἕκαστος
810 3722 860 3783 τὸν
869 3721 994 3804 πολίτην
1003 3713 1105 3794 αὑτοῦ,
1121 3722 1173 3782 καὶ
1183 3717 1276 3783 ἕκασ-

111 3845 161 3896 τος
176 3827 226 3887 τὸν
242 3819 373 3907 ἀδελφὸν
389 3816 491 3898 αὑτοῦ,
509 3823 615 3904 λέγων·
638 3826 732 3902 γνῶθι
748 3828 798 3888 ιὀν
813 3827 923 3908 νιὺριον·
947 3821 992 3888 ὅτι
1008 3830 1118 3898 πάντες
1129 3821 1277 3912 εἰδήοοοσί

112 3953 146 4016 με
162 3927 223 3993 ἀπὸ
240 3936 349 4014 μικροῦ
365 3925 424 4000 ἕως
440 3929 575 4012 μεγάλοι
591 3925 695 3994 αὐτῶν.
711 3965 753 3976 -—
771 3929 886 3991 Similia
900 3929 998 3990 verbis
1013 3930 1112 3991 hocin
1127 3947 1211 3992 versu
1227 3951 1276 3994 oo-

115 4035 293 4098 currentibus
302 4031 435 4096 dicuntur
449 4035 528 4116 apud
544 4034 633 4096 Jesai.
648 4033 705 4096 XI.
722 4037 770 4110 9.;
792 4035 857 4096 LII.
878 4035 1032 4111 13.;J0e1.
1049 4036 1103 4098 III.
1117 4036 1143 4099 1.
1161 4037 1190 4101 2.
1221 4036 1277 4098 Per

109 4143 179 4204 haec
194 4141 282 4202 effata
296 4157 365 4200 vero
381 4159 438 4200 nou
453 4140 598 4214 asseritur,
615 4150 744 4224 tempore
760 4143 907 4203 Messiano
929 4161 1044 4204 omnem
1065 4141 1275 4204 institutionem

109 4255 137 4309 ot
160 4244 349 4308 eruditionem
376 4264 426 4328 per
448 4246 579 4312 homiues
606 4265 725 4320 cessare,
755 4255 787 4309 ut
806 4248 1024 4331 Anabuptistae
1048 4251 1202 4331 putabant,
1225 4253 1274 4312 sed
