3064 4894
290 317 353 384 ιιι
729 312 1021 380 mnumer-

289 495 393 556 horum
408 492 546 576 scriptum
561 500 620 554 est:
642 491 685 554 ita
699 511 816 556 manere
830 492 935 556 dicitur
949 495 1081 556 sacerdos
1101 493 1132 555 in
1156 502 1328 574 perpetuum
1352 495 1455 557 sivein

288 609 438 664 aeternnm
454 601 539 684 (haec
553 597 630 660 enirn
644 599 778 680 apostolo
793 608 862 662 sunt
876 597 1001 685 omem),
1016 599 1135 681 quiade
1150 601 1208 662 fine
1222 601 1376 664 sacerdotii
1398 603 1455 664 eius

290 706 362 770 nihil
378 707 517 788 scriptum
532 705 677 768 invenitur
693 702 849 791 (Eetion).
866 741 905 752 -·
924 705 1113 788 antiquiores
1127 705 1299 788 interpretas
1323 707 1455 788 epitheta

287 812 346 876 ista
361 833 446 877 sensu
461 813 561 876 striato
576 811 748 894 accipientes
762 811 1026 876 Melchisedechum
1041 812 1268 876 incarnationem
1283 822 1338 875 aut
1353 815 1455 895 napoli

289 917 466 1006 (Oripemc,
481 915 672 1004 Didymae),
696 929 749 980 aut
770 921 870 1001 ipsias
895 918 1038 1003 spirim
1052 942 1077 982 s.
1093 920 1259 982 habnemnt
1273 918 1457 1006 (Hilarium

288 1023 409 1098 Quaest
425 1025 456 1088 in
474 1028 510 1090 V.
526 1033 557 1088 at
565 1025 603 1086 N.
613 1025 656 1099 T,
665 1035 777 1107 quaest
795 1027 874 1101 109;
889 1027 1051 1090 Hic-aeas
1060 1025 1189 1108 Aegypt.
1199 1027 1277 1108 apud
1294 1027 1456 1111 Epiphaa

289 1135 400 1199 haeres
424 1129 508 1216 67.);
536 1129 603 1193 aliis
631 1133 789 1196 ονααείιιιε
811 1132 1080 1216 apparitorem·
1104 1133 1172 1196 Dei
1195 1132 1275 1196 visus
1297 1141 1344 1196 est
1367 1130 1458 1218 (apud

291 1240 453 1326 Epiphanes.
469 1238 580 1300 haeres.
596 1234 671 1321 ba).
702 1239 766 1300 Imo
788 1237 962 1302 exstiterunt
984 1238 1121 1301 haeretici
1144 1238 1263 1320 quidam
1285 1238 1458 1325 (Melchise-

289 1341 444 1429 dechiani),
470 1343 519 1427 qui
534 1343 798 1407 Melchisedechum
819 1365 879 1426 qua
899 1348 1146 1410 incantationem
1170 1347 1299 1411 cirtaaa
1320 1346 1460 1413 allatius

290 1453 416 1518 dianae
434 1449 558 1516 omero
573 1452 747 1535 superiores
761 1452 935 1514 habuemnt

377 1578 405 1622 v.
421 1559 451 1626 4.
467 1554 612 1644 Θεωρεῖτε
627 1558 670 1634 δὲ,
684 1560 815 1644 αηλίιιος
825 1555 924 1637 οὗτος,
940 1557 1027 1644 ᾧιιαί
1043 1560 1172 1647 δενατην
1182 1554 1333 1647 Ἀβραὰμ
1349 1561 1459 1628 ἔδωκεν

290 1663 326 1734 ἂν
341 1677 398 1734 τῶν
414 1663 606 1752 ἀκροθινίων,
622 1661 638 1728 ὁ
655 1669 856 1752 πατριάρχης.
874 1704 902 1713 -
931 1665 1017 1728 Nunc
1031 1665 1183 1746 apostolus
1204 1665 1315 1728 excitat
1340 1667 1460 1731 lectores

289 1793 357 1838 snos
379 1774 418 1835 ad
443 1770 679 1836 considerandum
701 1770 924 1834 Melchisedeohi
946 1770 1102 1834 sacerdotis
1123 1771 1346 1852 praestantiam,
1369 1784 1410 1848 et,
1431 1785 1462 1836 nt

288 1884 473 1953 demonstret,
488 1897 554 1940 eum
570 1875 711 1958 dignitate
726 1895 876 1959 superasse
891 1877 1098 1940 Abrahamum
1114 1887 1144 1940 et
1158 1877 1340 1942 Judaecrum
1362 1900 1460 1944 sacer-

290 1990 381 2062 dotes,
397 2007 430 2050 eo
446 1991 593 2068 provocat,
609 1984 686 2063 quod
700 1982 892 2046 Abrahamus
906 1983 1140 2048 Melchisedecho
1163 1984 1306 2048 decimam
1332 1989 1461 2068 praedae

288 2103 402 2178 partem
412 2092 530 2164 dederit,
545 2089 841 2164 etMelchisedechus,
856 2100 890 2153 nt
899 2093 1038 2166 sacerdos,
1048 2091 1221 2154 Abrahamo
1231 2092 1461 2158 benedictionem

290 2199 420 2264 divinam
437 2204 609 2280 apprecatur
624 2193 664 2258 sit
669 2215 678 2271 ;
693 2205 782 2278 atque
797 2198 853 2261 hoc
861 2208 1063 2279 argumentum
1073 2197 1190 2261 uberius
1199 2208 1364 2280 pertractat
1372 2219 1461 2282 usqne

289 2307 370 2368 adv.
389 2305 438 2372 10.
455 2339 498 2350 -
514 2301 691 2388 ἀκροθίνιον
706 2303 881 2365 vocabulum
904 2301 984 2380 ἅπαξ
1001 2307 1170 2391 λεγόμενον,
1187 2325 1278 2387 comp.
1302 2325 1342 2368 ex
1365 2305 1462 2392 ἄκρος

289 2423 319 2475 et
333 2415 385 2486 θίς
401 2411 447 2472 vel
458 2415 519 2488 θίν,
529 2408 642 2491 proprie
652 2411 772 2472 denotat
781 2409 979 2472 summitatem
990 2410 1093 2484 acervi,
1104 2410 1170 2473 dein
1180 2410 1325 2492 primitias
1335 2415 1461 2494 frugum,

290 2539 364 2602 qnae
379 2518 442 2582 Deo
458 2517 665 2590 offerebantur3
688 2525 718 2578 et
738 2518 858 2578 tandem
873 2517 1029 2599 praecipua
1044 2519 1167 2598 frugum,
1190 2519 1314 2599 praedae
1338 2528 1369 2580 et
1393 2539 1460 2601 spo-

294 2626 414 2702 liorum3
430 2643 489 2705 qua
503 2621 710 2704 significatione
725 2623 755 2686 h.
771 2621 791 2684 l.
807 2623 936 2697 caconit,
958 2622 1000 2686 ita
1015 2633 1049 2686 ut
1063 2644 1163 2688 sensus
1178 2623 1230 2686 sit:
1251 2623 1460 2687 Abrahamum

290 2750 342 2815 pro
358 2729 477 2794 decimis
492 2729 610 2810 elegisse
626 2749 663 2791 ex
678 2727 778 2810 spoliis
793 2728 949 2811 praecipua
963 2739 994 2792 et
1009 2729 1269 2812 praestantissima,
1285 2750 1363 2813 quae
1379 2733 1462 2794 daret

289 2837 438 2926 (Eetion).
454 2871 499 2886 -
509 2833 525 2900 ὁ
535 2839 728 2922 πατριάρχης
738 2836 767 2898 h.
777 2835 797 2896 l.
808 2834 983 2916 singularem
993 2837 1085 2898 habet
1093 2835 1255 2917 emphasin,
1265 2846 1330 2898 tum
1342 2849 1462 2919 propter

289 2943 480 3026 praemissum
495 2941 659 3016 articulum,
674 2951 738 3002 tum
753 2941 822 3024 qnia
836 2941 979 3005 anomine
995 2937 1141 3030 Ἀβραάμ
1154 2941 1316 3004 seiunctum
1332 2954 1363 3005 et
1379 2944 1462 3006 finita

288 3049 433 3114 sententia
448 3047 592 3111 adiectum
607 3057 658 3108 est.
689 3047 853 3123 Abraham,
868 3047 919 3110 ille
934 3047 1089 3130 singularis
1104 3048 1204 3130 populi
1220 3049 1304 3112 electi
1319 3050 1462 3124 conditor,

287 3157 413 3219 decimas
428 3154 506 3217 dedit
521 3153 760 3229 Melchisedechc,
776 3163 806 3216 et
820 3155 875 3218 hoo
890 3153 953 3236 ipso
968 3155 1109 3218 minorem
1123 3175 1154 3217 se
1169 3155 1220 3217 illo
1236 3155 1367 3236 agnovit.

377 3282 405 3322 v.
421 3262 451 3330 5.
467 3259 532 3326 Καί
548 3256 576 3326 οἱ
592 3265 645 3348 μὲν
661 3259 696 3325 ἐκ
711 3273 768 3326 τῶν
783 3256 851 3327 οἰῶν
867 3256 944 3326 Asci
959 3267 1012 3351 τὴν
1027 3258 1171 3348 ἱερατείαν
1182 3263 1396 3348 λαμβάνοντες
1412 3262 1460 3329 ἐν·

291 3373 385 3458 τολην
401 3368 532 3454 ἕχοοοιν,
548 3365 753 3433 ἀποδεκατοῦν
776 3371 825 3433 τὸν
847 3369 922 3435 λαὸν
938 3371 1018 3433 κατὰ
1040 3373 1089 3436 τὸν
1113 3373 1211 3455 νόμον,
1236 3375 1373 3435 τουτέστι
1391 3373 1463 3443 τοὺς

290 3474 443 3562 ἀδελφοὺς
466 3470 571 3550 αὐτῶν,
593 3477 700 3560 καίπερ
725 3471 952 3560 ἐξεληλυθότας
975 3471 1011 3539 θα
1032 3486 1087 3564 τῆς
1109 3471 1222 3562 doato<
1242 3470 1403 3562 Ἀβραάμ.
1419 3510 1464 3522 -

288 3583 353 3645 Hoc
367 3581 398 3642 in
412 3598 497 3642 versu
518 3579 593 3641 illud
614 3583 746 3667 πηλίκος
762 3577 851 3655 οὗτος
873 3579 978 3644 clarius
999 3580 1171 3654 declaratur,
1194 3589 1224 3642 et
1243 3579 1333 3642 simul
1349 3585 1464 3663 prima

288 3687 491 3769 praerogativa
514 3685 739 3749 Melchisedechi
762 3704 831 3768 prae
853 3685 1049 3749 sacerdotibus
1079 3685 1216 3748 Leviticis
1237 3685 1396 3750 indicatur.
1419 3723 1463 3734 -

289 3793 451 3876 Apostolus
465 3793 549 3856 dicit:
573 3788 671 3880 οἱμὲν
688 3793 795 3860 ἐκτῶν
814 3789 883 3858 υἱῶν
899 3788 975 3856 Asai
996 3797 1049 3882 τὴν
1071 3787 1216 3878 ἱερατείαν
1239 3793 1463 3879 λαμβάνοντες,

287 3900 357 3983 qnia
371 3921 429 3963 non
440 3920 539 3964 omnes
548 3901 654 3982 posteri
664 3900 736 3962 Levi
748 3898 938 3962 sacerdotium
948 3898 1137 3980 accipiebant,
1154 3900 1204 3961 sed
1214 3898 1268 3961 soli
1283 3899 1337 3961 filii
1347 3899 1463 3964 Aaron.

288 4008 458 4070 -Verbaz
474 4011 556 4074 κατὰ
566 4011 616 4074 τὸν
632 4012 721 4094 νόριον
731 4007 956 4068 referendasnnt
966 4007 1021 4068 ad:
1038 4004 1163 4094 ἐντολὴν
1179 4005 1302 4092 ἔχοντα
1318 4016 1350 4068 et
1358 4027 1464 4070 seusus

287 4124 346 4178 est:
369 4115 526 4177 secundnm
550 4112 643 4193 legem
665 4114 778 4174 habent
799 4112 960 4174 sacerdotes
981 4113 1154 4174 mandatnm
1175 4109 1247 4196 (scil.
1271 4121 1463 4192 potestatem,

287 4217 481 4306 facultatem),
505 4218 662 4299 accipiendi
684 4219 825 4300 apopulo
847 4217 981 4280 decimas.
998 4254 1040 4264 -
1057 4217 1265 4284 ἀποδεκατοῦν
1288 4216 1319 4280 in
1345 4220 1464 4302 scriptis

288 4325 466 4392 Graecomm
481 4325 668 4405 antiquorum
684 4344 742 4389 non
756 4324 902 4408 reperitur,
917 4326 968 4387 sed
983 4334 1027 4387 cst
1041 4326 1163 4386 verbnm
1178 4323 1302 4387 dialecto
1317 4324 1463 4390 Alexan-
