3094 4892
486 323 534 378 De,
544 324 670 375 occasione
688 330 713 373 et
730 339 803 390 scopo
821 325 947 390 epistolas.
1252 327 1296 394 33

215 498 302 572 Quod
318 513 434 585 tempus
449 503 625 566 exarationis
640 503 755 576 attinet,
770 514 883 566 veteres
897 515 928 567 et
942 503 1113 568 recentiores
1128 503 1297 587 interpretes

6 661 13 684 ¹.
22 659 33 684 .,
123 609 419 691 chronologorumque
434 610 552 692 plurimi
568 610 704 684 indicant,
719 631 830 674 annum
845 620 898 674 aut
913 613 965 679 63.
980 611 1029 674 vel
1045 613 1113 687 64.;
1135 612 1296 694 etquidem

7 759 30 796 3..
123 717 162 778 ob
177 715 267 784 XIII.
282 737 310 778 v.
330 719 378 785 19.
395 726 425 780 et
441 719 504 791 23,
518 717 549 779 in
564 717 670 799 quibus
684 718 816 780 versibus
831 718 944 780 Paulus
959 718 1079 782 lectores
1101 720 1248 792 admonet,
1263 728 1297 780 ut

6 811 25 884 ¹.
124 842 177 904 pro
193 824 255 906 ipso
271 842 369 905 preces
384 823 501 898 faciant,
516 845 574 906 quo
589 824 710 887 celerius
724 825 938 908 impedimean
948 825 1122 906 quibusdam
1138 825 1235 888 adhuc
1249 843 1297 886 re—

6 987 13 1012 ,
123 941 222 994 tentus
237 931 472 1005 cisrestituatur,
487 940 517 992 et
531 931 684 1012 promittit,
700 953 730 994 se
746 953 795 996 eos
809 952 875 996 cum
890 933 1046 996 Timotheo
1071 953 1147 995 nunc
1168 930 1296 1007 dimisso,

6 1067 30 1121 ᾖ
124 1039 148 1100 si
166 1058 236 1101 mox
250 1039 375 1112 redierit,
390 1039 584 1100 visitaturum.
615 1038 705 1102 Anno
720 1040 796 1104 enim
812 1041 874 1113 62,
890 1059 957 1103 cum
971 1039 1083 1102 Paulus
1097 1060 1114 1102 e
1127 1039 1297 1122 captivitate

6 1195 17 1230 p
124 1165 180 1208 sua
202 1145 442 1226 Philippensibus
465 1145 611 1220 scriberet,
630 1145 803 1210 Timotheus
831 1147 928 1208 adhuc
948 1146 1062 1208 Romae
1084 1157 1217 1210 versatus
1238 1157 1297 1221 est;

6 1298 18 1337 3
123 1255 174 1316 sed
189 1253 301 1314 Paulus
315 1252 375 1313 iam
391 1251 523 1333 promisit
537 1252 627 1338 (Phil.
642 1254 681 1315 II
695 1254 766 1334 19.),
781 1273 886 1314 seeum
897 1252 1051 1336 Philippos
1061 1253 1216 1316 missurum
1226 1274 1302 1320 esse..

14 1415 28 1444 α.
124 1363 160 1422 In
176 1369 276 1422 nostra
291 1369 390 1420 autem
406 1358 531 1440 epistola
548 1359 701 1422 lectoribus
715 1359 832 1434 indicat,
854 1359 1040 1422 Timotheum
1064 1359 1124 1422 iam
1145 1359 1297 1424 dimissum

7 1513 23 1553 ᾗ,
125 1478 155 1530 et
171 1487 201 1528 se
216 1467 313 1548 ipsum
334 1467 392 1528 sors
414 1486 474 1528 una
495 1486 561 1529 oum
582 1487 616 1529 eo
638 1469 677 1530 ad
698 1467 765 1530 illos
786 1477 949 1530 venturum.
979 1467 1083 1548 Itaque
1105 1467 1214 1550 scripta
1235 1488 1297 1532 esse

124 1576 212 1639 debet
227 1583 294 1656 post
308 1594 373 1635 eam
389 1575 427 1636 ad
442 1572 655 1654 Philippenses,
671 1574 689 1636 i.
705 1594 729 1638 e.
747 1583 814 1654 post
828 1593 938 1636 annum
954 1575 1006 1642 62.

15 1730 19 1739 .
139 1757 141 1762 Ι
216 1680 306 1744 Anno
322 1683 374 1749 66.
390 1681 534 1744 turnultus
549 1680 770 1762 Hiemsolymae
785 1681 878 1744 exorti
899 1681 1067 1763 bellumque
1089 1681 1234 1745 iudaicum
1250 1683 1297 1746 in-

128 1792 266 1853 choatum
282 1797 334 1852 est.
365 1789 431 1851 Hoc
445 1798 574 1870 tempore
595 1798 671 1850 certe
686 1788 782 1850 cultus
797 1788 913 1850 divinus
935 1789 964 1850 in
986 1790 1096 1870 templo
1118 1809 1175 1852 non
1196 1792 1296 1854 eodem

7 1945 23 1988 p
123 1918 159 1960 ao
173 1905 262 1959 antea
276 1895 375 1958 ordine
390 1897 598 1976 peragebatur;
614 1905 662 1958 ast
676 1895 706 1958 in
718 1894 843 1977 epistola
857 1897 896 1958 ad
905 1897 1056 1958 Hebraeos
1071 1905 1171 1960 auctor
1185 1896 1297 1960 cultum

123 2004 273 2067 leviticum
287 2003 510 2086 Hierosolymae
524 2005 621 2066 adhuc
636 2003 809 2066 incolumem
824 2024 859 2066 ac
874 2004 1025 2068 florentem
1040 2002 1178 2086 supponit
1194 2000 1295 2092 (VIII

6 2139 22 2204 ¹¹3
126 2113 221 2186 463
237 2110 295 2174 IX.
311 2113 341 2178 6.
357 2131 395 2172 se.
410 2110 499 2174 XIII.
525 2113 566 2178 10
588 2109 651 2197 ss),
673 2121 804 2174 econtra
824 2121 923 2173 autern
947 2110 1183 2186 cohortationem,
1207 2131 1297 2194 quam

6 2275 13 2294 ,,
124 2219 268 2302 flagrante
285 2219 362 2282 bello
377 2218 428 2280 vix
438 2218 621 2300 neglexisset,
637 2219 756 2282 lectores
771 2219 1018 2282 tumultuantibus
1026 2217 1147 2282 Judaeis
1162 2239 1225 2282 sese
1239 2240 1296 2282 uon

6 2303 19 2383 Ι,
123 2326 280 2408 adiungere
299 2328 411 2400 debere,
434 2328 550 2408 penitus
574 2326 787 2408 praetermittit
812 2328 885 2388 Indo
899 2326 1032 2408 colligere
1051 2325 1126 2400 licet,
1149 2336 1296 2390 auctorem

6 2489 8 2524 3
123 2433 265 2497 scribendi
281 2434 459 2516 provinciam
475 2434 504 2496 in
521 2456 551 2496 se
567 2434 724 2516 suscepisse
747 2445 815 2496 ante
838 2433 908 2496 belli
928 2433 1086 2507 exordium,
1102 2443 1170 2496 ante
1186 2453 1296 2496 annum

123 2543 176 2607 66.
184 2539 207 2625 1)
238 2540 333 2605 Simul
356 2561 424 2604 vero
445 2542 609 2615 annuntiat,
634 2560 767 2604 omasum
786 2540 961 2621 reipublicae
976 2540 1154 2604 Judaeorum
1176 2539 1296 2602 iamiam

125 2647 361 2730 appropinquare
378 2649 432 2734 (X.
449 2651 501 2716 25.
517 2646 599 2734 3Ἱ.);
615 2647 683 2712 hino
691 2665 838 2710 assumere
848 2667 1010 2729 possumne,
1026 2647 1297 2728 epistolamhanooe

123 2754 264 2836 scriptam
278 2755 367 2818 luisse
382 2775 458 2818 anno
474 2757 526 2822 63.
542 2755 598 2816 vel.
615 2756 666 2823 64.

672 2894 698 2978 ἓ.
720 2899 750 2966 b.

332 3047 381 3104 De
405 3047 583 3103 occasione
606 3049 641 3103 et
664 3058 767 3115 scopo
790 3045 898 3102 huius
921 3045 1097 3116 epistolae.

218 3185 350 3247 Occasio
366 3182 454 3245 huius
469 3181 609 3264 epistolae
625 3182 684 3244 sita
699 3190 762 3244 erat
777 3181 806 3244 in
822 3179 957 3262 periculo,
980 3181 1010 3242 in
1031 3201 1089 3262 quo
1103 3180 1297 3248 Judaeochri·

9 3283 13 3295 ’
127 3291 216 3354 stiani
232 3291 476 3365 Palaestinenses,
499 3290 667 3372 praesertim
692 3287 961 3370 hierosolymitani,
979 3290 1181 3362 versabantur,
1204 3309 1241 3352 ne
1260 3291 1298 3352 ad

8 3423 9 3426 ¹
126 3398 314 3463 Iudaismum
343 3407 562 3460 reverterentur.
599 3395 865 3460 Judaeochristiani
896 3394 1032 3456 nimirum
1055 3394 1298 3472 Palaestinenses,

6 3503 12 3538 ⁷
128 3506 196 3569 licet
211 3505 240 3566 iu
257 3505 446 3566 conventibus
462 3503 656 3586 peculiaribus
678 3503 768 3566 cultui
784 3501 882 3566 diuino
906 3511 1044 3564 vacarent
1066 3511 1096 3562 et
1116 3520 1200 3565 sacra
1220 3503 1298 3566 chri-

126 3614 225 3676 stiana
242 3623 418 3694 peragerent,
433 3633 490 3674 non
506 3631 621 3674 ornnem
637 3620 736 3674 tamur
760 3630 868 3672 nexum
890 3629 956 3674 cum
978 3608 1169 3690 popularibus
1191 3609 1252 3672 suis
1267 3609 1298 3670 in

6 3709 9 3746 ²
125 3723 213 3782 rebus
228 3718 374 3800 religionis
389 3720 553 3792 solvebant,
569 3719 619 3780 sed
635 3720 710 3780 festa
732 3717 846 3780 iudaice
861 3718 1059 3791 celebrabant,
1080 3716 1225 3798 templum
1240 3716 1300 3788 frc-¹

6 3829 7 3832 ’
126 3829 319 3908 quentabaut,
335 3825 510 3888 ceremonias
526 3827 655 3888 diversas
671 3827 868 3886 observabant
882 3833 912 3885 et
927 3823 1120 3884 aemulatores
1129 3830 1213 3883 erant
1222 3821 1294 3902 legis

126 3935 207 4020 (Act
223 3933 316 3995 XXI.
334 3931 411 4012 ab),
433 3944 463 3994 et
485 3934 557 3994 haec
580 3932 684 4014 agendi
706 3931 781 3994 ratio
803 3931 895 4012 ipsius
919 3929 1028 3992 Christi
1050 3938 1080 3990 et
1102 3927 1299 4010 apostolomm

126 4041 263 4122 exemplo
280 4040 396 4122 probari
412 4039 574 4104 videbatur.
611 4037 699 4110 Quod
714 4057 782 4100 vero
799 4037 933 4100 Christus
949 4046 978 4100 et
993 4035 1119 4118 apostoli
1137 4034 1301 4098 Infirmitati

126 4151 273 4214 humanae
289 4157 439 4229 parcentes
454 4149 655 4222 observamut,
664 4147 685 4208 J
687 4144 928 4208 udaeochristiani
939 4143 1174 4206 Palaestinenses
1189 4141 1300 4224 passim

220 4360 238 4429 ¹)
257 4361 307 4410 Cir.
326 4358 480 4412 mmmm
498 4361 516 4410 1.
536 4375 557 4410 c.
577 4357 614 4409 St.
634 4357 677 4410 56.
697 4360 715 4408 i.
752 4357 793 4408 Ad
812 4356 897 4407 Maior
915 4357 933 4408 l.
952 4372 972 4408 c.
993 4355 1030 4407 St.
1049 4355 1091 4408 51.
1112 4357 1138 4406 ff.

180 4469 251 4504 rte·
259 4469 280 4513 k,
294 4470 459 4507 commntantu-
1123 4442 1140 4494 3
