3096 4886
567 339 694 408 Expositio
712 340 743 392 X.
767 339 807 392 19.
827 340 870 396 20.

546 1158 657 1260 lars
688 1160 888 1263 moralis

416 1335 490 1408 (lap.
508 1337 549 1395 Χ.
568 1352 596 1397 ν.
617 1337 661 1393 19.
681 1367 713 1376 -
733 1351 801 1410 oon.
819 1339 916 1396 x111.·
929 1353 955 1399 τ.
968 1339 1015 1396 11.

596 1477 784 1560 irrotatur
812 1477 833 1560 Ι.
952 1501 956 1506 ·

530 1636 727 1712 ίίντνιίίίννστ
747 1638 896 1728 guunlu.

503 1782 576 1866 (lap.
606 1783 648 1846 X.
682 1782 842 1851 19-x11.
874 1785 926 1852 29.

633 1949 745 2007 Sestio
770 1952 798 2008 1.

128 2083 229 2156 Quia
245 2083 565 2148 Christotantum
589 2083 1297 2167 inaoeeptisreferendaestexpiatio

128 2192 335 2274 facilisque
357 2193 401 2254 ad
423 2193 535 2255 Deum
556 2213 741 2267 accessus,
772 2192 999 2254 firmissime
1020 2191 1296 2254 retinendaes't
1333 2168 1337 2180 ’

585 2299 668 2361 eins
689 2298 839 2380 religio.

554 2403 626 2487 (lap.
657 2403 698 2474 X.
732 2405 871 2474 19-25.

217 2569 245 2610 v.
264 2549 313 2615 19.
334 2543 485 2633 Ἔχοντες
508 2545 569 2622 οὖν,
593 2545 730 2634 ἀδελφοί,
750 2544 919 2636 παῤῥησίαν
947 2544 990 2638 τίς
1019 2552 1072 2636 τὴν
1101 2545 1215 2620 sicodor
1239 2558 1296 2612 τῶν

127 2655 218 2738 ἁγίων
234 2655 266 2720 ἐν
282 2667 323 2740 τῷ
338 2653 441 2742 αἵματι
457 2651 571 2742 Ἰησοῦ,
588 2691 628 2702 -
646 2655 698 2716 Δί)
713 2655 769 2718 hoo
782 2672 868 2718 versu
883 2653 1045 2736 incipiendo
1056 2673 1146 2735 usqne
1161 2653 1296 2742 adfinem

126 2762 267 2844 epistolae
282 2782 305 2823 s.
321 2770 421 2824 anotor
436 2762 599 2824 maximam
613 2771 727 2843 partem
742 2762 773 2824 in
788 2763 940 2836 monendo,
956 2760 1130 2824 consolando
1146 2769 1175 2822 et
1190 2743 1295 2824 oonfir-

126 2870 233 2931 mando
247 2877 388 2930 versatur.
419 2867 657 2930 Admonitionem
673 2878 772 2930 antem
787 2870 826 2930 ad
841 2866 1021 2930 retinendam
1037 2866 1203 2948 religionem
1218 2865 1297 2930 obri-

126 2975 253 3038 stianam
269 2975 396 3056 primum
418 2976 473 3038 hoo
494 2984 664 3056 argumento
687 2974 784 3038 fnloit:
806 2972 881 3042 Oum
904 2974 987 3038 nobis
1010 2972 1144 3036 Olnistus
1164 2973 1297 3056 pontifex

128 3081 268 3162 sanguine
283 3101 335 3144 suo
349 3081 462 3144 aditum
477 3081 507 3143 in
522 3081 658 3144 eoelestia
673 3079 782 3144 Sancta
797 3079 970 3144 Sanctorum
980 3081 1125 3163 apemerit
1139 3089 1168 3142 et
1183 3080 1296 3144 animas

89 3262 93 3269 Ι
127 3201 240 3251 nostras
255 3188 367 3262 laverit,
383 3207 435 3250 nos
450 3187 506 3269 ipsi
521 3187 644 3249 fideliter
659 3187 807 3250 inhaerere
829 3196 859 3250 et
872 3186 990 3250 virtutis
1009 3185 1211 3268 religionisque
1233 3186 1295 3249 nelo

129 3297 214 3368 fidem
238 3304 366 3358 nostram
389 3295 576 3376 eomprobare
597 3303 718 3376 oportet
743 3329 786 3339 -
801 3292 952 3356 Partienla
974 3289 1025 3359 obv
1046 3291 1180 3366 ostendit,
1201 3292 1232 3356 in
1247 3312 1296 3356 se-

124 3401 280 3482 quentibus
294 3399 398 3463 adduci
413 3401 641 3464 oonseentionem
657 3421 694 3462 ex
709 3399 752 3474 iis,
768 3420 843 3482 qnae
858 3399 925 3464 inde
940 3420 960 3462 a
975 3419 1038 3482 oap.
1053 3399 1093 3466 V.
1116 3399 1195 3462 dieta
1217 3409 1294 3464 sunt.

125 3543 167 3554 -·
177 3504 337 3595 παῤῥησία,
353 3507 473 3570 libertas
487 3507 518 3569 in
527 3507 645 3570 dicendo
654 3508 684 3573 h.
694 3507 713 3569 l.
724 3516 757 3570 nt
771 3527 799 3569 v.
816 3507 868 3575 35.
877 3516 907 3570 et
921 3507 976 3573 III.
985 3509 1013 3573 6.
1029 3516 1073 3569 est
1087 3505 1193 3570 fiducia
1206 3505 1296 3580 laeta,

123 3613 283 3676 oertissima
298 3633 373 3695 spes.
391 3649 428 3660 -
442 3612 515 3678 Gen.
532 3627 588 3679 τῶν
598 3611 690 3696 ἁγίων
705 3613 816 3695 positus
826 3622 870 3676 est
879 3631 946 3696 pro:
963 3609 1003 3688 εἰς
1012 3615 1049 3678 τὰ
1060 3609 1131 3696 ἅγια
1142 3613 1184 3674 uti
1194 3612 1252 3676 IX
1263 3613 1293 3680 8.

128 3757 170 3768 ·—-
187 3719 311 3784 Verbis:
327 3717 414 3805 ἐντῷ
430 3719 532 3807 αἵματι
553 3717 655 3808 Ἰησοῦ
670 3720 777 3782 alludit
798 3739 820 3782 s.
836 3729 937 3784 auctor
950 3721 987 3781 ad
1003 3719 1182 3781 Judaeomm
1197 3716 1296 3799 ponti·
1338 3785 1340 3792 Α

123 3827 216 3900 ficem,
232 3826 281 3908 qui
290 3824 514 3888 Sanctissimum
523 3835 667 3888 terrenum
676 3825 806 3890 intrabat
821 3825 851 3892 ἐν
862 3824 964 3914 αἵματι
974 3824 1128 3910 ἀλλοτρίῳ
1139 3821 1210 3910 (ΙΧ.
1219 3820 1292 3907 ab).

218 3953 246 3998 v.
262 3934 314 4000 20.
339 3935 377 4022 ἣν
392 3931 566 3999 ἐνεκαίνισεν
582 3932 661 4022 ἡμῖν,
685 3929 755 3999 ὁδὸν
776 3938 950 4020 πρόσφατον
972 3935 1025 3996 καί
1047 3936 1152 4005 ζῶσαν,
1174 3931 1224 3994 διὰ
1240 3939 1292 4020 τοῦ

121 4045 399 4126 καταπετάσματος,
416 4046 549 4106 τουτέστι
571 4052 625 4128 τῆς
641 4044 756 4124 σαρκὸς
778 4034 879 4128 αὑτοῦ,
896 4072 939 4084 -
954 4037 1039 4101 Pron.
1062 4037 1098 4127 ἥν
1113 4037 1292 4099 referendum

124 4155 169 4207 est
184 4147 222 4208 ad
238 4146 353 4212 εἴσοδον
368 4144 398 4206 in
413 4165 441 4207 v.
460 4147 527 4223 19.;
542 4145 677 4226 Vulgata
692 4144 765 4206 illud
780 4143 877 4206 minus
885 4152 960 4207 reete
969 4142 1117 4224 ooninngit
1131 4161 1197 4206 oum
1206 4140 1291 4210 bdou:

119 4271 210 4336 qnam
233 4251 363 4338 initiayit
387 4251 478 4317 nobis.
502 4288 546 4298 -
576 4252 710 4317 Verbum
733 4247 906 4333 ἐγνοιτνίίετν
937 4249 1066 4338 (dequo
1089 4251 1138 4318 efr,
1159 4248 1238 4312 dieta
1252 4250 1291 4312 ad

115 4359 174 4423 IX.
192 4354 299 4444 lbllu
316 4358 420 4442 Lquia
433 4358 526 4422 devia
540 4376 633 4422 sermo
648 4366 700 4434 est,
715 4376 790 4441 quae
799 4374 869 4420 mox
877 4356 981 4422 dieitur
994 4361 1175 4444 andegavae,
1192 4375 1283 4432 nora,
