3096 4886
432 303 553 372 Parapbr.
571 304 602 358 X.
621 301 753 374 &7394
779 321 861 373 expos.
880 303 925 358 XI.
945 305 969 357 l.

523 484 870 568 Paraphrasis

503 625 576 710 (lap.
606 627 649 692 X.
678 647 726 692 vr.
757 629 898 696 32—39.

205 767 408 831 Recordamini
422 767 536 848 pristini
551 769 697 850 temporis,
712 769 828 849 quando
843 767 987 850 religionis
1008 767 1200 848 cognitionem
1214 789 1284 832 uon-

113 873 205 937 secuti
220 875 292 936 dura
307 884 337 936 et
351 875 442 936 ardna
456 893 509 954 pro
524 873 633 937 Christi
655 874 771 936 nomine
785 875 943 936 certamina
958 873 1070 936 fortiter
1090 875 1283 950 sustinuistis3

7 1053 9 1062 y
115 980 225 1062 partim
240 981 358 1061 quidem
371 981 527 1061 opprobria
541 990 572 1042 et
585 980 757 1043 afflictiones
771 981 886 1062 publice
901 980 988 1062 passi,
1010 980 1117 1061 partim
1133 1001 1201 1043 vero
1216 979 1284 1042 facti

114 1095 260 1149 consortes
274 1105 381 1160 eorum,
397 1085 446 1168 qui
462 1085 535 1148 talia
550 1086 629 1168 passi
645 1095 722 1155 sunt,
753 1087 869 1149 Etenim
884 1086 1065 1168 captivorum
1085 1085 1232 1149 miseriam
1246 1087 1288 1148 ad'

114 1213 169 1255 vos
185 1193 328 1274 pertinere
342 1192 477 1274 putastis,
493 1191 571 1254 omni
586 1193 662 1255 bono
677 1213 726 1254 eos
741 1192 902 1266 adiuvistis,
917 1202 948 1255 et
962 1195 1102 1254 boucmm
1124 1202 1284 1256 vestrorum

7 1301 9 1306 ’
115 1297 251 1380 rapinam
275 1298 446 1361 laetabundi
467 1297 635 1380 pertulistis,
665 1298 802 1380 quoniam
831 1298 975 1371 sciebatis,
997 1307 1107 1378 quanto
1129 1299 1230 1361 melior
1251 1317 1286 1360 ac

114 1405 217 1468 certior
232 1405 376 1488 possessio
391 1405 429 1466 sit
443 1404 527 1466 vobis
541 1403 668 1486 reposita
681 1405 712 1466 iu
727 1405 814 1469 coelo.
846 1405 945 1467 Tanta
969 1404 1049 1484 passi
1072 1404 1162 1467 nolite
1183 1403 1283 1486 itaque

7 1519 9 1556 ἴ
113 1532 135 1573 a
150 1511 286 1592 religione
308 1509 466 1573 christiana
490 1511 616 1584 deficere,
639 1509 728 1573 nolite
749 1509 873 1572 abiicere
892 1511 1028 1572 fiduciam
1049 1519 1186 1584 vestram,
1210 1531 1285 1593 quae

7 1647 9 1682 1
115 1637 254 1700 magnam
270 1637 367 1680 secum
382 1617 437 1678 fert
452 1615 628 1680 felicitatem.
644 1617 795 1680 Interdum
810 1616 894 1679 vobis
915 1637 988 1697 opus
1004 1627 1048 1678 est
1069 1617 1220 1698 patientia,
1243 1627 1284 1692 ut,

7 1771 9 1808 3
114 1723 167 1786 ubi
192 1723 391 1786 constantibus
415 1721 521 1786 animis
545 1724 712 1804 profitentes
736 1723 901 1806 religionem
924 1722 1113 1786 christianam
1137 1723 1284 1784 voluntati

7 1901 9 1910 s
113 1829 230 1892 divinae
245 1831 373 1893 obsecuti
383 1829 503 1904 fueritis,
519 1827 693 1910 promissam
702 1830 868 1911 percipiatis
876 1840 1010 1899 aeternae
1023 1829 1132 1910 gloriae
1141 1847 1284 1893 coronam.

8 2011 9 2014 Ἴ
115 1936 224 2000 Adhuc
238 1937 315 2000 euim
330 1937 467 2019 exignum
482 1937 639 1998 admodum
649 1945 765 2018 tempus
779 1946 880 2012 restat,
890 1937 939 2018 qni
954 1945 1093 1998 venturus
1108 1945 1161 2010 est,
1176 1935 1283 2009 veniet,

7 2035 9 2042 ’
113 2053 145 2105 et
159 2063 217 2106 non
232 2043 378 2120 tardabit;
393 2053 423 2105 et
438 2043 590 2124 uuicuique
604 2041 690 2106 iuxta
706 2043 809 2105 merita
822 2045 967 2124 rependet
997 2045 1096 2106 Iustus
1117 2043 1216 2124 itaque
1232 2059 1284 2123 per

7 2139 9 2144 ’
113 2148 250 2211 fiduciam
265 2169 349 2212 suam
364 2149 394 2211 in
409 2151 505 2212 Deum
520 2149 718 2232 promissaque
741 2149 840 2212 divina
861 2149 1038 2224 salvabitur3
1060 2149 1162 2230 quodsi
1184 2159 1284 2212 autem

7 2325 10 2334 ,
116 2277 136 2317 a
151 2255 288 2337 religione
296 2256 454 2318 christiana
463 2257 604 2331 defecerit,
613 2275 670 2318 non
681 2257 851 2338 probabitur
859 2257 929 2319 Deo.
960 2257 1023 2318 Nos
1037 2273 1106 2318 vero
1120 2276 1178 2318 uon
1187 2275 1287 2318 sumus

7 2339 9 2362 ⁵
114 2359 260 2443 religionis
276 2365 443 2437 desertores,
459 2381 516 2444 qno
531 2366 695 2444 perdamur,
711 2365 761 2426 sed
776 2363 910 2426 fiduciam
932 2362 962 2424 in
979 2365 1040 2424 Dec
1062 2373 1092 2425 et
1105 2361 1223 2424 Obristo
1238 2381 1286 2424 re-

116 2469 261 2550 ponimus,
278 2469 396 2558 eiusque
410 2468 578 2550 religionem
600 2480 764 2533 constanter
779 2471 954 2551 profitemur,
975 2489 1032 2551 quo
1053 2467 1221 2532 felicitatem
1235 2489 1287 2532 ac-

8 2563 10 2596 ⁷
114 2575 272 2656 quiramus.

618 2723 729 2781 sectlo
752 2725 783 2781 4

114 2858 503 2942 FidemDeogratam
524 2881 606 2924 esse
621 2870 735 2942 atque
750 2869 950 2943 acceptam
972 2858 1140 2924 historia
1158 2858 1287 2942 gentio

517 2967 893 3049 Hebraiuaeprobat

497 3107 570 3190 (lap.
600 3107 659 3170 XI.
696 3129 744 3174 vv.
786 3111 903 3176 1-40.

206 3249 278 3313 line
294 3249 399 3332 capitis
415 3249 611 3340 praecedentis
631 3251 781 3332 apostolus
796 3257 921 3326 πίστεως
936 3250 1112 3313 mentionem
1127 3252 1241 3323 fecerat,
1257 3259 1287 3311 et

114 3367 232 3440 propter
247 3358 333 3420 fidem
348 3358 378 3420 iu
393 3359 456 3420 Deo
471 3366 501 3420 et
516 3355 633 3420 Christo
656 3357 813 3440 repositam
830 3357 938 3421 Christi
954 3359 1078 3421 cultores
1092 3359 1155 3420 Deo
1171 3355 1287 3438 probari

113 3467 154 3527 ab
170 3483 260 3548 eoque
275 3464 411 3548 praemiis
432 3463 528 3529 ornari
551 3465 756 3526 affirmaverat.
793 3467 857 3526 Iam
880 3464 1081 3527 admoniturus
1106 3464 1225 3526 lectores
1247 3465 1286 3526 ad

113 3573 202 3635 fidem
216 3588 301 3654 porro
315 3572 498 3645 servandam,
520 3579 554 3632 ut
569 3571 645 3632 hano
659 3568 885 3632 admonitionem
901 3569 1013 3632 facilius
1037 3579 1125 3654 atque
1141 3569 1279 3632 libentius

113 3676 248 3740 audirent
269 3687 299 3738 et
324 3676 520 3750 admitterent,
543 3679 579 3738 de
608 3677 665 3738 fide
687 3676 804 3758 eiusque
827 3677 923 3739 indole
944 3687 973 3739 et
995 3676 1122 3739 efficacia
1144 3675 1286 3758 copiosius

115 3787 173 3848 hoc
187 3783 217 3846 in
233 3783 329 3866 capite
344 3783 466 3846 disserit
497 3782 544 3845 Ac
564 3782 657 3864 primo
673 3783 790 3866 quidem
812 3802 839 3845 v.
858 3785 886 3850 1.
901 3783 968 3846 fidei
989 3783 1120 3846 indolem
1143 3781 1286 3856 describit,

113 3891 221 3954 deiude
236 3899 336 3954 autem
352 3909 443 3974 usque
458 3890 497 3952 ad
512 3889 599 3950 finem
620 3889 724 3972 capitis
746 3910 783 3951 ex
798 3889 919 3952 historia
940 3889 1040 3970 gentis·
1049 3887 1211 3951 Hebraicae
1233 3889 1286 3950 de-

113 4005 267 4070 monstrat,
283 3997 360 4059 hano
374 3997 460 4058 fidem
476 3997 539 4058 Deo
553 4004 669 4076 gratam
683 4016 745 4057 esse
760 4005 849 4078 atque
864 4005 1023 4075 acceptam,
1038 3997 1076 4057 ab
1092 4015 1182 4077 eoque
1197 4012 1284 4075 prae-

112 4103 180 4167 miis
195 4102 290 4168 ornari
306 4102 428 4166 eximiis.

202 4229 230 4272 v.
252 4212 279 4276 1.
291 4205 379 4278 Ἔστι
396 4211 428 4274 δὲ
458 4213 553 4284 πίστις
564 4208 764 4296 ἐλπιζομένων
780 4205 952 4286 ὑπόστασις,
963 4215 1144 4298 πραγμάτων
1154 4209 1286 4296 ἔλεγχος

114 4312 149 4385 od
166 4319 369 4408 βλεπομένων.
385 4318 480 4380 -Iu
506 4317 650 4381 sententia
671 4318 745 4384 bv.
767 4334 905 4398 expressa
927 4326 971 4380 est
992 4323 1087 4391 πίστις
1109 4315 1287 4394 subiectum

1077 4438 1126 4490 12·
