3096 4886
271 337 333 403 186
691 341 816 406 expuens
834 337 1007 392 χιιι-ιο.

266 515 297 580 in
313 537 347 582 eo
361 519 457 602 posita
472 531 544 596 erat,
560 523 635 605 quod
645 521 707 604 ipse
716 519 868 584 coelestem
883 521 1054 583 beatitatem
1064 525 1257 604 exspectabat
1273 519 1342 607 (cir.
1351 521 1442 584 etiam

267 625 504 716 vv.13-16.);
527 639 590 692 erat
611 629 709 710 itaque
732 645 846 691 revera:
868 627 999 716 ἔλεγχος
1014 625 1050 695 ob
1073 631 1278 716 βλεπομένων.
1299 665 1347 676 -
1361 630 1442 689 Dum

267 747 366 800 autem
382 757 404 799 s.
420 745 521 800 auctor
537 733 702 798 Abrahami
718 736 804 797 iidem
820 753 877 796 non
893 745 955 796 tam
969 737 1008 796 ad
1023 733 1118 808 buius,
1143 754 1233 816 quarn
1256 735 1360 816 potius
1375 755 1441 797 eoe-

267 843 349 906 lestis
364 841 442 905 ritae
457 863 492 906 ao
502 841 649 905 felicitatis
658 841 901 924 exspectationem
918 840 1025 916 retulit,
1035 841 1154 904 lectores
1163 863 1240 915 suos,
1249 843 1441 923 proponendo

267 949 303 1013 iis
319 970 355 1013 ex
380 949 538 1013 maioribus
561 947 695 1030 exemplo
718 958 781 1010 tam
802 947 917 1021 illustri,
940 947 1066 1010 excitare
1088 957 1117 1009 et
1138 948 1259 1011 incitare
1282 949 1382 1012 voluit
1403 950 1441 1010 ad

266 1058 387 1120 eandem
403 1055 469 1120 fidei
488 1053 689 1120 constantiam.

359 1183 387 1225 v.
406 1163 456 1229 11.
471 1159 575 1229 Πίστει
590 1165 642 1228 καὶ
658 1153 734 1252 olor-q
749 1153 854 1248 Σάββα
870 1162 992 1248 δὺναμιν
1012 1159 1054 1237 εἰς
1069 1165 1248 1251 καταβολὴν
1264 1170 1440 1249 σπέρματος

219 1287 227 1300 ·
267 1271 370 1354 ἔλαβε,
392 1274 444 1336 act
467 1274 550 1356 παρὰ
573 1273 678 1356 καιρὸν
700 1267 822 1358 ἡλικίας
847 1269 988 1348 [ἕτεκενλ
1018 1267 1080 1333 ἐπεὶ
1101 1273 1204 1360 morbo
1226 1268 1366 1358 ἡγήσατο
1390 1274 1440 1334 τὸν

266 1373 528 1463 ἃπαγγειλάμενον.
550 1411 577 1424 ·
604 1377 639 1438 ln
659 1375 806 1440 nonnullis
827 1374 972 1438 codicibus
993 1373 1098 1455 legitur
1118 1371 1261 1465 Σάβρσὴ
1278 1385 1392 1462 στεῖρα,
1410 1376 1440 1436 ἰιι

266 1481 334 1544 aliis
348 1493 451 1568 στεῖρα
466 1479 556 1558 obesa
572 1503 646 1565 quas
660 1501 728 1544 vero
737 1481 901 1545 lectionesa
909 1481 1105 1563 grammaticis
1112 1501 1176 1544 esse
1184 1483 1339 1563 profectas,
1353 1501 1441 1544 nemo

266 1587 350 1652 facile
365 1587 475 1652 inficias
490 1587 552 1652 ibic
568 1625 612 1636 -
627 1594 679 1655 ταὶ
702 1586 778 1678 αὐτὴ
801 1583 914 1675 Σάββα,
937 1588 1026 1650 etiam
1050 1587 1139 1651 Sara
1159 1587 1234 1672 ipsa,
1258 1609 1337 1670 quae
1359 1587 1441 1669 prins

266 1693 448 1778 promissioni
463 1693 579 1758 divinae
595 1695 679 1758 fidem
696 1715 753 1758 nou
769 1693 881 1757 habuit
897 1730 940 1742 -
956 1696 1078 1780 δὺναμιν
1094 1691 1135 1769 εἰς
1148 1698 1329 1785 καταβολὴν
1344 1702 1439 1780 σπέρ-

266 1825 361 1890 ματος
376 1803 477 1887 ἔλαβε,
492 1803 530 1864 ad
545 1801 738 1883 recipiendum
754 1810 785 1863 et
799 1802 982 1864 retinendum
997 1821 1095 1864 semen
1117 1801 1255 1864 virtutem
1271 1821 1291 1863 a
1306 1803 1373 1864 Deo
1387 1821 1440 1863 ao-

268 1909 345 1990 oepit
360 1927 411 1992 per
426 1909 514 1972 iidem
530 1907 612 1982 Sara,
635 1927 709 1989 quae
724 1926 776 1989 per
790 1917 925 1970 naturam
944 1917 1045 1992 utpote
1067 1907 1174 1970 sterilis
1189 1917 1219 1970 et
1240 1927 1317 1970 anns
1337 1908 1441 1991 inepta

265 2025 329 2078 erat
343 2017 381 2078 ad
406 2015 481 2078 hano
496 2015 708 2097 conceptionem
731 2009 929 2100 (Glemona).
951 2053 976 2062 -
1005 2011 1199 2084 Quaesierunt
1222 2023 1324 2076 antem
1345 2015 1441 2076 inter·
1535 2011 1536 2066 ἶ

265 2131 369 2206 protes,
385 2123 528 2204 quomodo
544 2119 672 2204 potuerit
686 2120 777 2185 Sarae
801 2121 872 2182 fides
895 2119 1018 2194 laudari,
1040 2139 1105 2184 oum
1129 2119 1206 2203 (ooli.
1223 2118 1299 2182 Gen.
1315 2121 1440 2185 XVIII.
1535 2117 1536 2124 '

269 2227 319 2293 12.
335 2225 372 2314 s.)
387 2227 490 2290 audita
504 2227 701 2310 promissione,
717 2247 747 2290 se
763 2247 839 2290 anno
854 2225 985 2308 proxime
1000 2227 1130 2308 sequenti
1145 2226 1237 2289 filium
1252 2227 1436 2300 babituram,

264 2331 368 2408 risisse,
385 2355 436 2398 neo
451 2331 631 2415 promissioni
647 2333 761 2396 divinae
776 2333 862 2396 fidem
878 2329 1017 2396 habuisse
1033 2331 1250 2418 perhibeatur?
1267 2332 1327 2396 Sed
1337 2334 1439 2396 dioen-

265 2441 335 2504 dum
350 2449 402 2515 est,
421 2439 525 2504 Suram
542 2441 658 2522 quidem
668 2440 750 2504 initio
759 2461 816 2504 non
831 2440 982 2504 credidisse
994 2441 1213 2522 promissionem
1222 2449 1351 2515 tantam,
1361 2459 1439 2522 quae
1493 2501 1501 2528 1

267 2547 439 2610 naturaiiter
453 2557 517 2610 erat
531 2537 719 2629 impossibilis
741 2557 771 2609 et
791 2546 980 2622 inoredibilis;
1005 2549 1055 2611 sed
1078 2555 1270 2629 posteaquam
1292 2547 1439 2628 cognovit,

265 2653 383 2736 angelos
405 2653 605 2736 promittentes
634 2654 847 2736 conceptionem
869 2655 981 2736 legatos
1009 2673 1071 2717 esse
1098 2653 1162 2728 Dei,
1185 2655 1316 2734 adeoque
1339 2655 1437 2715 Deum

267 2759 505 2842 omnipotentem,
522 2759 571 2842 qui
587 2761 688 2824 fallere
704 2779 760 2822 non
783 2771 886 2842 potest,
908 2779 960 2842 per
982 2761 1101 2841 angelos
1122 2757 1198 2822 bano
1219 2759 1439 2841 conceptionem

266 2865 321 2952 ipsi
337 2865 513 2950 promittere,
528 2877 599 2931 tuuc
613 2867 741 2942 credidit,
756 2877 790 2929 ut
805 2868 878 2929 satis
892 2866 1036 2948 colligitur
1051 2888 1067 2929 e
1082 2865 1156 2929 Gen.
1172 2866 1294 2930 XVIII.
1314 2867 1366 2932 14.
1384 2867 1436 2934 15.

356 2993 384 3036 v.
404 2975 453 3040 12.
476 2973 530 3040 Διὸ
552 2979 605 3040 καὶ
626 2971 681 3062 ἀφ’
697 2971 763 3050 ἑνὸς
779 2973 993 3063 ἐγεννήθησαν,
1013 2979 1066 3040 καὶ
1088 2961 1437 3058 ταῦτα’νενεκρωμὲνοο,

265 3083 375 3157 καθὼς
390 3083 428 3146 τὰ
443 3079 541 3166 ἄστρα
557 3091 609 3147 τοῦ
626 3079 754 3166 οὐρανοῦ
769 3093 811 3166 τῷ
826 3083 941 3169 πλήθει
962 3086 1015 3146 καὶ
1036 3080 1079 3155 ὣς
1093 3079 1113 3170 ἡ
1129 3079 1240 3168 ἄμμος,
1264 3079 1386 3170 ἡπαρὰ
1402 3083 1436 3144 τὸ

265 3189 371 3276 χεῖλος
386 3200 441 3276 τῆς
457 3181 638 3266 θαλάσσης,Ι
652 3187 672 3279 ἡ
688 3185 906 3275 ἀναρίθμητος.
924 3224 964 3233 -
982 3185 1044 3261 Διό,
1067 3193 1185 3268 propter
1203 3194 1320 3248 tautam
1343 3185 1437 3248 Sarae
1534 3247 1535 3250 ,

266 3293 362 3356 iidem.
380 3327 419 3340 -
438 3297 575 3377 γίνεσθαι
590 3315 654 3358 oum
664 3295 870 3376 significatione
885 3291 1193 3356 nasciooourritetiam
1208 3293 1287 3376 apud
1297 3291 1437 3355 classicos
1534 3343 1535 3372 p

268 3403 330 3486 (cir.
347 3398 493 3483 Xenopb.
511 3394 623 3485 Cyrop.
639 3403 662 3463 I.
680 3403 709 3467 2.
729 3401 777 3481 1.).
797 3437 831 3446 -·
852 3396 906 3487 ἀφ’
923 3397 997 3476 ἑνός,
1019 3401 1058 3461 ab
1081 3419 1146 3472 uno,
1168 3397 1228 3464 soil.
1250 3398 1435 3461 Abrabamo.

266 3542 306 3555 --
324 3511 376 3574 καὶ
399 3501 500 3582 ταῦτα,
522 3506 617 3588 idque,
641 3515 671 3569 et
693 3503 849 3592 insuper.¹)
865 3513 1016 3592 -νεκρά
1041 3505 1175 3568 dicuntur
1198 3505 1306 3579 omnia,
1328 3503 1436 3585 quibus

265 3613 340 3676 vires
351 3615 468 3688 desunt,
484 3613 629 3695 quaevitn
644 3632 727 3675 suam
737 3633 795 3676 non
811 3622 961 3687 exserunt;
976 3611 1283 3674 binoAbrahamusb.
1294 3611 1314 3672 l.
1330 3609 1435 3672 dieitur

265 3725 491 3809 secespdtpacoq,
517 3707 673 3794 emort'uus,
699 3728 801 3801 utpote
819 3717 929 3781 viribus
953 3719 990 3780 ad
1015 3717 1189 3799 gignendum
1204 3719 1242 3779 ob
1257 3725 1435 3779 senectutem

265 3831 430 3891 destitutus.
449 3865 489 3873 -
506 3825 630 3889 Verbis:
653 3831 762 3900 καθὼς
785 3827 822 3891 τὰ
846 3825 943 3911 ἄστρα
965 3835 1017 3891 τοῦ
1043 3821 1171 3910 οὒρανοῦ
1187 3847 1214 3889 a·
1232 3849 1256 3889 τ.
1273 3825 1302 3887 λ.
1318 3823 1435 3905 respicit

268 3957 291 4000 s.
308 3943 408 3998 auctor
429 3934 523 3997 looum
547 3929 620 3998 Gen.
643 3931 750 3996 XXII.
772 3932 836 3997 17.:
860 3927 1099 4014 „Multiplicobo
1119 3949 1221 3992 cenwn
1243 3936 1334 3992 tamn
1358 3932 1437 3994 sicat

263 4041 371 4105 stellas
385 4039 468 4113 coeli,
485 4047 514 4102 ct
528 4037 609 4101 velot
624 4058 764 4114 menam,
780 4055 861 4117 quoe
875 4045 920 4101 est
933 4039 968 4100 ἑο
983 4037 1084 4100 littore
1099 4037 1232 4100 morie‘.

354 4148 442 4214 v.13.
458 4144 550 4212 Komoi
559 4150 653 4210 πίστιν
664 4143 818 4210 ἀπέθανον
829 4141 912 4209 οὗτοι
920 4149 1038 4218 πάντες,
1055 4149 1097 4232 μὴ
1107 4145 1251 4228 λαβόντες
1267 4145 1323 4218 τὰς
1339 4139 1432 4224 ἐπαγ-

356 4374 378 4439 1)
395 4374 445 4423 oe.
472 4372 556 4424 mm
572 4375 683 4424 σηοω.
701 4375 770 4424 nun.
789 4370 824 4431 a,
842 4367 879 4427 sc.
901 4368 960 4426 τσο,
