3096 4886
534 323 661 396 Ειροιὶτίυ
685 323 730 378 XI.
748 319 863 378 29-81.
1216 328 1285 398 193.

111 507 221 592 aspersi
237 517 342 582 essent,
357 507 414 572 hac
428 527 479 590 spe
494 508 584 570 fretus
599 510 705 572 festum
720 508 860 592 paschale
874 518 905 572 et
916 509 1116 592 respersionem
1130 509 1280 592 sanguinis

110 615 302 682 instituit-
319 615 452 677 Verbum
468 620 576 701 πάσχα
596 617 636 677 ab
651 616 732 682 hebr.
748 633 830 722 pipp
854 615 968 698 proprie
1001 625 1086 680 notat
1116 617 1279 682 transitum.

111 739 191 812 Quia
213 759 281 804 vero
312 740 435 821 angelus
459 739 510 802 illo
532 737 634 802 mortis
656 738 871 821 Aegyptiorum
893 740 1099 823 primogenitos
1119 742 1282 823 percutiens

110 847 312 912 Israelitorum
328 849 437 919 domos,
453 865 577 927 qncrnm
594 853 692 927 postes
706 864 804 910 cruore
818 847 886 928 ugni
895 848 973 912 hunc
987 847 1018 910 in
1032 848 1119 910 linem
1133 848 1281 912 mactandi

110 953 210 1018 illiniti
225 962 316 1027 erant,
325 951 501 1034 pertransiit,
517 962 581 1016 tum
590 952 653 1032 ipse
662 972 755 1032 agnus
763 953 911 1038 paschalis
919 954 950 1016 in
959 953 1046 1018 huius
1055 953 1095 1020 rei
1110 953 1280 1020 memoriam

111 1059 267 1142 quotannis
276 1081 295 1122 c
303 1059 325 1122 J
325 1059 425 1122 udaeis
433 1060 479 1121 die
492 1059 541 1126 lo.
551 1059 657 1122 mensis
667 1058 761 1120 Nicon
771 1058 920 1140 ingruente
935 1062 1134 1136 comedendus,
1144 1070 1207 1124 turn
1215 1061 1281 1143 ipsc

114 1169 188 1230 haec
202 1187 299 1240 coeno,
322 1175 385 1228 turn
400 1165 544 1246 integrum
558 1167 665 1228 festum
686 1161 787 1252 proti!
808 1165 966 1241 dicebatur,
988 1187 1046 1248 quo
1065 1166 1168 1230 ultimo
1189 1167 1281 1249 sigui·

111 1275 200 1336 ficutu
215 1275 288 1336 haec
302 1292 361 1335 vox
376 1273 406 1334 h.
422 1272 442 1334 l.
458 1281 503 1334 est
518 1280 666 1352 usurpate.
681 1307 724 1318 -
735 1269 912 1357 ὀλοθρευειν
928 1281 1012 1336 notet
1026 1275 1156 1354 perdere3
1171 1270 1188 1338 ὁ
1204 1271 1289 1340 ollo-¹

112 1383 232 1465 θρεὺιυν
248 1387 348 1441 autem
369 1378 399 1440 in
414 1395 487 1440 vers.
512 1377 600 1442 Alex.
624 1385 744 1441 vocetur
765 1378 886 1459 angelus
906 1378 1009 1442 mortis
1030 1377 1099 1464 (Ex.
1115 1379 1189 1444 Xll.
1204 1377 1280 1464 211),

112 1486 162 1566 qui
177 1486 207 1552 h,
223 1485 243 1546 l.
261 1484 464 1566 intelligendus
479 1493 524 1546 est
529 1503 539 1562 ;
554 1483 585 1546 in
600 1485 624 1546 I.
640 1481 706 1549 Cor.
721 1482 775 1568 (X.
795 1482 859 1569 10.)
875 1485 1025 1565 spostolus
1046 1505 1113 1548 eum
1127 1493 1214 1550 vocet
1230 1490 1280 1553 τὸν

112 1589 312 1678 cloccam-qv.
328 1626 372 1640 -·
387 1596 484 1674 θίγειν
505 1592 625 1654 denotat
649 1589 764 1674 proprie
787 1599 913 1672 tangere,
934 1592 1001 1654 dein
1016 1591 1105 1655 etism
1126 1602 1283 1673 percutere,

92 1714 95 1720 ·
113 1700 240 1780 perdere.
1261 1697 1271 1710 “

201 1843 229 1886 v.
246 1823 297 1890 29.
313 1819 416 1888 Πίστει
425 1823 568 1909 διέβησαν
584 1825 637 1910 την
648 1819 783 1907 ἐρυθρὰν
793 1823 957 1888 θάλασσαν
967 1820 1009 1896 ὡς
1019 1823 1068 1888 διὰ
1084 1823 1180 1910 ξηρᾶς
1194 1823 1279 1911 [γης]

110 1929 149 2020 ης
164 1940 267 2015 πεῖραν
282 1931 427 2012 λαβόντες
449 1925 477 1994 σί
493 1925 653 2011 Αίγίπτιυι
675 1933 900 2014 κατεπόθησαν.
928 1963 965 1976 -
989 1928 1108 1990 transit
1131 1927 1282 2011 spostolus

111 2039 151 2098 ab
167 2036 446 2098 Israelitarumducc
455 2035 684 2107 aulercorum,
700 2051 855 2114 eommque
868 2035 955 2097 fidem
964 2033 1100 2101 celebrat.
1130 2034 1281 2097 Isruelitue

111 2145 174 2205 Deo
189 2163 224 2205 uc
238 2142 334 2204 verbis
349 2141 463 2223 Moysis
478 2142 565 2204 fidem
581 2142 725 2204 habentes
748 2157 828 2202 mare
842 2142 962 2203 rubrum
984 2142 1159 2204 transierunt
1173 2140 1216 2216 ὣς
1231 2141 1281 2206 διὰ

113 2250 217 2335 ξηρᾶς,
233 2248 294 2314 soil.
309 2261 375 2338 γης,
390 2257 533 2328 tunquam
548 2265 600 2328 per
614 2255 723 2309 terram
744 2246 864 2320 aridam,
879 2247 985 2310 siccum
1006 2247 1070 2331 (cfr.
1084 2249 1177 2316 Exod.
1192 2247 1281 2314 XIV.

115 2358 165 2422 13.
181 2353 232 2438 ss.)
248 2389 290 2402 -
303 2354 422 2440 ἐρυθρὰ
438 2355 588 2420 θαλάσσα
602 2353 635 2415 in
650 2354 731 2418 hebr.
746 2353 850 2416 dicitnr
865 2374 1008 2452 spo-02,
1031 2373 1110 2416 mare
1141 2354 1281 2435 algorum,

110 2479 154 2541 itu
169 2478 286 2553 dictum,
301 2479 378 2560 quod
393 2477 423 2540 in
438 2499 471 2540 eo
485 2476 632 2540 iuncorum
648 2485 678 2538 et
699 2477 783 2557 algae
798 2477 881 2559 copia
895 2477 941 2552 sit
967 2479 1033 2560 plus
1049 2497 1138 2560 quarn
1162 2477 1193 2540 in
1216 2477 1282 2540 ullis

113 2582 267 2669 (Estiuc).
283 2619 326 2632 -—
342 2595 446 2670 πεῖραν
461 2583 626 2672 λαρβάνείν
641 2589 720 2658 τινός
728 2582 871 2664 significet
880 2583 1039 2664 periculum
1053 2585 1146 2645 fucere
1160 2581 1283 2646 alicuius

113 2691 164 2766 rei,
179 2701 292 2754 tentore
307 2690 426 2772 aliquid.

203 2836 231 2882 v.
247 2817 299 2883 30.
315 2813 418 2881 Πίστει
433 2819 470 2880 τὰ
486 2819 572 2902 τείχη
589 2809 710 2902 Ἷεριχὼ
726 2814 822 2888 ἔπεσε,
837 2816 1040 2881 κυκλωθέντα
1056 2813 1104 2880 ἐπί
1113 2812 1189 2880 ἑπτὰ
1204 2813 1282 2905 rlpk·

115 2947 180 3011 ρας.
198 2959 236 2969 -
255 2923 321 2985 Hoc
334 2921 365 2985 in
380 2940 465 2984 versu
487 2923 704 2985 commendatur
727 2921 861 2984 meritum
886 2921 952 2984 fidei
974 2940 1081 2996 eorum,
1103 2922 1152 3004 qni
1174 2932 1283 2985 terram

113 3029 286 3115 promissum
301 3027 421 3110 ingressi
437 3037 513 3102 sunt,
528 3027 660 3109 inprimis
675 3026 781 3101 Jeme,
806 3025 855 3108 qui
878 3029 938 3090 dux
952 3028 1054 3111 populi
1077 3038 1144 3112 post
1159 3029 1284 3112 Moysen

114 3140 210 3200 fuerat
225 3135 414 3211 constitutus3
430 3134 532 3196 deinde
547 3135 735 3198 Locrorum
749 3143 838 3215 atque
852 3133 943 3216 ipsius
957 3132 1067 3216 populi.
1097 3133 1286 3198 crediderunt

117 3243 196 3306 enim
211 3241 397 3330 praecipienti
412 3249 501 3322 utque
516 3239 697 3322 promittenti
714 3239 847 3322 Domino,
863 3239 888 3302 si
897 3243 999 3303 urbem
1008 3239 1134 3316 Jericho,
1150 3240 1285 3323 quumvis

115 3350 261 3414 munitum
287 3359 317 3411 et
340 3357 509 3431 expugnatu
539 3346 685 3410 difficilem
711 3345 798 3428 (quae
821 3355 930 3410 terram
954 3347 1128 3429 promissum
1151 3348 1286 3430 ingressis

116 3455 213 3542 primu
228 3465 292 3518 eret
307 3455 429 3529 obiectu,
445 3465 474 3516 et
483 3454 559 3516 ultro
569 3453 700 3536 progredi
716 3473 764 3516 eos
779 3474 837 3518 non
846 3451 973 3539 sinebat)
983 3454 1166 3519 circumirent
1173 3463 1287 3537 septem

116 3563 220 3627 diebus
235 3582 301 3626 cum
315 3579 383 3624 arcu
398 3559 519 3623 foederis
541 3569 570 3622 et
593 3559 672 3622 tubis
697 3559 933 3639 memoralibus,
956 3563 1095 3634 futurum,
1117 3569 1152 3624 ut
1172 3562 1287 3625 moenia

115 3669 243 3734 civitatis
257 3678 360 3752 sponte
375 3676 545 3734 corruerent.
576 3665 775 3742 crediderunt,
791 3675 821 3729 et
843 3667 895 3742 ita,
918 3677 952 3730 ut
966 3667 1155 3745 crediderunt,
1177 3669 1288 3731 fuctum

115 3785 161 3842 est
177 3773 328 3862 (Eetion).
359 3773 416 3837 cfr.
432 3774 494 3844 Jos,
509 3775 565 3840 VI.
584 3776 611 3841 1.
628 3795 666 3841 ss.

209 3921 239 3968 v.
254 3903 306 3968 31.
322 3895 425 3965 Πίστει
440 3893 549 3983 Ῥαὰβ,
570 3897 712 3989 ἡπόρνη,
736 3893 771 3965 οὔ
794 3901 987 3966 συναπώλετο
1010 3909 1072 3973 τοῖς
1095 3897 1288 3987 ἀπειθήσασι,

121 4009 269 4095 δεξαμένη
286 4009 357 4082 τοὺς
371 4011 585 4080 κατασκόπους
602 4003 664 4092 μετ’
681 4001 809 4094 εἰρήνης.
825 4040 869 4052 -
884 4007 1001 4068 Rchub
1018 4003 1217 4068 Israeliturum
1232 4024 1287 4067 ex-

120 4117 282 4198 ploratores
296 4113 414 4194 pacifico
430 4112 544 4194 excepit
558 4113 665 4182 animo.
680 4111 749 4194 qnia
764 4111 893 4186 credidit,
902 4110 1120 4174 Hierichuntem
1137 4112 1176 4173 ub
1192 4112 1288 4174 Israe-

116 4222 179 4284 litis
195 4230 395 4302 expugnatum
410 4217 454 4293 iri,
470 4229 501 4281 et
516 4221 613 4282 Deum
629 4219 664 4282 iis
684 4228 791 4281 terram
807 4217 995 4281 Gancnaeom
1017 4218 1220 4302 possidendam
1235 4219 1307 4281 dc-'

122 4338 223 4392 turum
239 4347 308 4390 esse.
339 4325 497 4408 Propterea
512 4326 610 4402 etiarn,
625 4346 691 4390 cum
706 4326 858 4389 Israelitce
878 4325 909 4388 in
923 4328 1024 4389 urbem
1039 4323 1292 4410 Hierichuntincm

172 4451 227 4490 Νι
236 4453 273 4499 ek,
287 4453 452 4490 comessamur.
1099 4421 1132 4486 13
