3096 4886
582 335 707 398 exponas
725 335 783 387 nn
801 333 844 384 τι.
1235 334 1300 402 213

132 514 205 579 moti
219 535 240 579 a
254 515 377 580 salutari
392 515 502 578 Christi
516 513 669 596 disciplina
683 515 937 586 desciscerent.‚-
953 512 1017 576 Alii
1038 523 1139 577 autern
1152 530 1204 594 per
1218 534 1302 598 cpo-

132 629 277 698 τοτόιιοος
303 622 472 704 intelligunt
492 630 546 684 aut
566 620 753 683 Patriarcbas
777 630 807 682 et
828 620 892 702 pios
913 640 1041 702 quosque
1063 639 1101 682 ex
1122 617 1161 688 A.
1184 619 1228 692 Τ.,
1252 616 1302 699 qui

133 729 279 813 prioribus
294 729 416 792 saeculis
430 730 494 791 Deo
515 745 566 810 per
587 728 674 789 fidem
689 728 876 808 plenuemnt3
892 735 950 788 aut
971 727 1086 788 sanc'toe
1103 743 1169 788 cum
1184 723 1301 786 Christo

131 847 292 918 regnantes,
307 834 619 918 quiproptergloriam‚
635 853 694 916 qua
703 833 763 896 ism
771 832 864 896 renati
878 832 945 907 sint,
954 837 1141 919 πρωτότοκα
1151 829 1301 912 dicantur;
1372 903 1374 910 Ι

134 945 186 1006 sed
202 943 390 1024 praeferenda
405 951 450 1004 est
464 940 610 1003 sententia
624 941 710 1023 prior,
732 940 816 1002 iuxta
831 959 920 1021 quam
935 941 964 1001 h.
981 939 1000 1002 l.
1022 956 1074 1020 per
1087 931 1303 1023 πρωτοτόκους

136 1047 286 1112 christiani
301 1048 330 1110 in
347 1049 403 1111 fide
412 1056 630 1130 perseverantes
638 1046 848 1129 intelliguntur.
859 1081 897 1094 —
910 1046 951 1108 Hi
965 1042 1153 1134 τρωτότοιιοι
1168 1042 1301 1108 dicuntur

133 1155 401 1243 ἀπογεγραμμένοι
416 1153 448 1222 ἐν
465 1151 603 1242 οὐρανοῖς
625 1173 659 1217 eo
676 1174 770 1228 sensu,
790 1173 848 1235 qno
868 1152 1010 1234 scriptura
1030 1153 1122 1216 dicere
1143 1148 1301 1224 consuevit,

131 1261 299 1343 aliquomm
315 1260 433 1324 nomina
448 1261 495 1323 vel
511 1261 541 1322 in
556 1261 643 1334 coelo,
658 1261 705 1322 vel
721 1261 751 1322 in
767 1260 841 1322 libro
856 1259 934 1322 vitae
949 1259 1057 1340 scripta
1071 1279 1133 1321 esse
1148 1255 1300 1343 (Eamus).

132 1405 177 1416 —
193 1373 247 1436 καὶ
262 1379 350 1455 κριτῇ
361 1365 427 1454 Θεῷ
436 1374 562 1443 πάντων,
578 1369 617 1430 ad
626 1369 721 1430 Deum
737 1367 861 1438 iudicem
870 1366 1016 1442 omnium3
1032 1365 1163 1428 nonnulli
1178 1367 1300 1427 verbum

130 1481 251 1542 πάντων
267 1474 445 1556 coniungunt
458 1493 525 1537 oum
540 1494 608 1538 voce
624 1473 698 1560 Θεῷ,
721 1483 809 1556 etque
824 1482 955 1536 vertunt:
979 1473 1017 1535 ed
1039 1472 1169 1547 iudicem,
1190 1471 1240 1554 qui
1256 1481 1301 1534 est

131 1583 212 1645 Deus
226 1581 369 1657 omnium;
393 1580 444 1642 alii
466 1590 565 1642 autem
580 1580 685 1643 rectius
699 1582 790 1642 verba
804 1580 925 1642 traiecta
939 1587 970 1641 et
985 1579 1080 1660 posita
1101 1599 1163 1640 esse
1184 1587 1301 1641 censent

129 1705 199 1770 pro:
214 1685 280 1774 Θεῷ
295 1698 385 1774 κριτῇ
401 1685 527 1756 πάντων.
543 1723 584 1732 -
601 1693 718 1754 πάντων
741 1687 946 1769 explicandum
967 1695 1013 1748 est
1031 1687 1067 1747 de
1088 1684 1255 1746 viventibus
1270 1692 1300 1746 et

128 1792 281 1868 defunctis,
297 1793 333 1855 de
348 1791 516 1856 hominibus
532 1793 674 1856 omnibus.
705 1797 786 1858 Deus
802 1800 900 1854 autem
916 1791 1019 1854 dicitur
1038 1791 1127 1854 iudex
1147 1790 1298 1853 hominum

128 1900 268 1975 omnium,
284 1899 354 1982 quie
368 1899 499 1981 praemia
514 1899 621 1962 tribuet
635 1900 795 1963 constantis
816 1898 883 1961 fidei
898 1907 928 1960 et
948 1896 1103 1981 probitatis
1125 1897 1211 1959 laude
1226 1895 1299 1958 in'si-

129 2005 243 2089 gnibus‚
262 2005 409 2088 improbos
430 2023 498 2068 vero
520 2014 549 2067 et
571 2013 752 2068 contumaces
767 2003 916 2087 religionis·
925 2003 1100 2066 christianae
1120 2002 1300 2066 adversarios

127 2122 160 2176 et
169 2111 277 2176 christi
293 2114 452 2175 desertores
461 2110 569 2193 puniet.
594 2112 674 2173 Inest
684 2129 750 2192 argo
758 2110 901 2174 vocabulo
909 2117 1015 2198 κριτης
1024 2109 1189 2183 consolatio,
1197 2127 1297 2171 verum

15 2243 19 2251 ¹
129 2219 219 2282 etiam
234 2218 317 2293 ratio,
334 2239 409 2300 quae
419 2217 591 2282 christianos
600 2219 638 2280 ad
648 2228 828 2281 constantem
843 2216 988 2298 religionis
1002 2216 1208 2298 professionem
1217 2235 1297 2279 com-

128 2335 253 2392 moveet.
271 2361 313 2372 -
329 2329 483 2413 ττνεῦματα
498 2326 621 2392 δικαίων
636 2335 705 2388 sunt
719 2324 837 2407 spiritus
859 2344 910 2386 seu
925 2323 1043 2386 animae
1059 2341 1174 2404 corpore
1190 2331 1295 2386 exutae

127 2433 279 2495 hominum
294 2432 452 2514 probitatis
475 2441 505 2494 et
526 2431 643 2512 pietatis
659 2431 866 2505 studiosorum„
883 2433 1015 2493 membra
1030 2429 1176 2492 Ecclesiae
1190 2429 1296 2490 trium-

126 2539 256 2622 phantis,
272 2538 365 2602 sancti
380 2539 410 2600 iu
426 2539 505 2602 coelo
520 2549 677 2600 versantes.
707 2537 789 2601 Dicit
802 2557 851 2601 eos
866 2557 888 2598 s.
905 2535 1016 2598 Paulus
1041 2538 1296 2622 τετελειωμένοος,
1388 2601 1397 2616 ,

126 2655 349 2719 consummatos,
366 2653 509 2726 quatenus
524 2646 584 2708 ism
599 2653 667 2706 sunt
682 2664 734 2706 suo
748 2644 779 2705 in
794 2661 897 2724 genera
919 2641 1007 2716 beati,
1031 2653 1061 2704 et
1082 2641 1251 2704 felicitatem
1265 2641 1295 2703 in

126 2769 214 2832 regno
230 2749 339 2813 christi
353 2751 469 2814 coelesti
484 2751 592 2834 adepti.
613 2785 649 2800 ·-
666 2751 761 2813 Locus
776 2749 824 2812 hic
838 2749 920 2812 valet
936 2749 974 2810 ad
983 2746 1230 2810 confirmationem
1245 2767 1296 2810 ca-

126 2856 253 2920 tholicae
263 2857 417 2931 doctrinae,
427 2877 501 2938 quae
510 2857 608 2931 tradit.
625 2856 739 2918 animas
747 2856 887 2918 iustorum
902 2855 987 2936 plene
998 2863 1145 2937 purgatas,
1160 2855 1295 2936 redemp-

125 2963 205 3026 tione
221 2981 273 3046 per
287 2961 436 3026 Christum
452 2973 566 3047 parate,
581 2973 648 3046 post
663 2962 799 3026 iudicium
814 2961 988 3044 particulare
1010 2961 1111 3022 statim
1127 2960 1243 3022 admitti
1258 2962 1296 3023 ad

131 3069 300 3132 felicitatem
315 3069 475 3132 coelestem.
505 3071 588 3133 Haec
607 3069 684 3132 enim
699 3073 744 3132 est
758 3069 898 3131 iustorum
913 3069 1070 3130 secundum
1090 3067 1205 3129 animas
1226 3087 1296 3130 con-

125 3175 292 3239 summatio.
322 3175 542 3238 Consummatio
563 3184 662 3238 autem
681 3177 816 3258 perfecta,
838 3173 961 3236 felicitas
983 3193 1107 3256 summa²
1128 3173 1170 3235 eis
1191 3191 1242 3254 per
1264 3193 1295 3235 se

124 3301 184 3346 non
198 3282 260 3344 sine
275 3282 360 3345 nobis
373 3281 546 3363 reliquisque
562 3282 729 3344 hominibus
754 3283 792 3344 ad
811 3282 899 3343 finem
921 3279 1101 3344 saeculomm
1126 3271 1297 3342 viventibus

93 3427 96 3433 -
125 3397 194 3450 ente
209 3406 360 3472 eorpomm
375 3388 609 3452 resurrectionem
624 3387 816 3468 iudiciumque
831 3396 994 3450 extremum
1009 3387 1163 3468 continget.

215 3495 311 3560 vim.
326 3499 379 3560 ναὶ
395 3496 548 3582 διαθήκης
571 3500 640 3568 νέας
661 3499 765 3580 μεσίτῃ
789 3490 901 3582 Ἰησοῦ,
921 3498 974 3560 καὶ
996 3491 1099 3581 αἵματι
1122 3490 1293 3579 ῥαντισμοῦ,

124 3612 264 3686 κρεῖττον
289 3603 433 3668 λαλοῦντι
460 3603 543 3686 παρὰ
572 3605 622 3666 τὸν
640 3595 752 3684 Ἀβελ.
775 3635 819 3646 -
842 3599 976 3662 Christus
998 3599 1116 3662 dicitur:
1139 3601 1294 3687 διαθήκης

126 3713 197 3781 νέας
214 3711 345 3795 μεσίτης,
361 3707 430 3788 quia
446 3727 553 3770 novum
575 3715 791 3781 testamentum,
814 3707 891 3788 quod
906 3708 986 3768 Deus
1009 3705 1158 3768 nobiscum
1180 3702 1294 3777 statuit,

126 3813 210 3875 velut
223 3813 279 3876 Dei
294 3813 434 3894 interpres
449 3815 487 3875 ud
503 3831 556 3876 nos
570 3813 672 3875 attulit
686 3823 717 3874 et
730 3823 764 3875 ut
778 3811 1130 3894 legislatorpromulgavit
1139 3804 1293 3895 (Eetion).

123 3953 168 3966 —-
185 3923 239 3984 καὶ
248 3917 351 4008 αἵματι
361 3916 531 4008 ῥαντισμοῦ,
541 3921 617 3982 etad
627 3919 796 4000 sanguinem
806 3917 993 4000 aspersionis;
1003 3919 1021 3978 i.
1032 3937 1056 3978 e.
1066 3918 1105 3978 ad
1114 3914 1293 3997 sanguinem,

124 4025 175 4109 qui
190 4025 251 4088 vim
273 4026 365 4088 habet
388 4024 539 4108 purgandi,
561 4024 708 4106 expiandi,
730 4025 779 4106 qui
794 4043 813 4086 a
829 4022 946 4085 Christo
967 4021 1045 4106 (coll.
1060 4021 1119 4088 IX.
1137 4019 1291 4108 11-14)

122 4135 186 4196 Deo
202 4133 279 4215 patri
295 4132 422 4206 oblatus,
437 4132 467 4193 in
483 4133 572 4214 adyto
587 4131 703 4194 coelesti
719 4130 892 4212 conspicitur
906 4147 1048 4210 aspersus.
1067 4163 1107 4176 -
1119 4128 1176 4191 Pro
1191 4139 1290 4213 κρεῖτ-

123 4263 175 4306 τον
191 4241 337 4329 λαλοῦντι
353 4240 444 4300 habet
458 4239 604 4320 Recepta:
619 4243 788 4324 τιρείττονα;
804 4237 853 4296 sed
864 4234 949 4298 lectio
957 4234 1035 4316 prior
1049 4235 1237 4316 praeferende
1247 4244 1292 4296 est

120 4346 174 4410 ob:
196 4343 236 4409 A.
252 4342 286 4406 G.
301 4345 339 4412 D.
354 4344 394 4411 K.
409 4343 444 4406 L.
460 4344 502 4410 M
519 4343 590 4418 Sin„
612 4343 739 4427 plurima
762 4341 931 4418 minuscula„
953 4360 1042 4406 verse.
1065 4339 1150 4426 Syn,
1175 4340 1290 4419 Areo,
