3106 4888
263 331 328 400 218
696 336 823 402 &affl
841 334 952 388 ¹¹1¹·1·
969 328 996 387 ²·

262 510 398 586 obnoxia
420 513 465 576 ite
486 514 636 590 laetorum
659 514 677 580 i
693 534 718 577 e.
740 533 774 578 eo
793 513 913 580 consilio
935 513 1090 579 mutationi
1109 511 1310 586 obnoxiomur,
1330 519 1365 574 ut
1384 529 1436 586 eu,

263 637 339 702 quae
353 617 510 682 mutationi
525 640 583 683 nou
598 629 668 682 suut
681 620 818 694 ubuoxie,
833 638 952 684 manere
966 620 1086 702 possint
1117 617 1217 690 Quare
1236 635 1358 698 regnum
1370 615 1434 680 im-

264 723 373 786 mobile
388 724 561 809 ecu‘pieutes
575 725 779 807 grauemmeo
801 726 1003 810 persolvamus
1023 726 1075 800 ite,
1099 735 1132 790 ut
1154 723 1374 792 eumcolamus
1387 741 1433 796 eo,

263 851 321 916 quo
336 831 474 916 postulet,
489 834 586 907 modo,
600 851 666 896 cum
681 833 843 898 reverentie
865 842 896 898 et
909 841 1006 909 metui
1027 851 1097 899 uam
1118 831 1208 897 etiam
1231 832 1312 894 Deus
1334 836 1434 894 uester

263 936 491 1006 contemtoribus
505 937 566 1006 tuis
580 939 734 1004 accimus
747 937 858 1026 infliget
871 957 989 1026 poem.

793 1135 899 1149 —

723 1258 911 1340 Treotetuu
938 1257 971 1338 ll

564 1453 839 1533 monitiones
867 1453 1125 1546 speeieliorss

662 1597 735 1682 Oep.
744 1599 833 1669 XIII.
847 1619 896 1669 vv.
908 1601 1024 1668 1-21.

765 1785 929 1849 memor.

260 1918 381 1983 Amor
404 1921 615 1996 fraternus,
639 1921 907 2003 hospitalitas,
931 1920 1213 1993 commiseratio,
1234 1917 1431 2000 pudicitia,

259 2025 456 2092 fiduciaiu
471 2030 587 2093 Deum
602 2037 861 2111 etmertyrum
876 2028 1094 2094 recordatio
1109 2028 1429 2091 commendantur.

666 2169 739 2254 Cep.
753 2170 843 2238 XIII.
857 2191 904 2239 vv.
923 2173 1017 2238 1-7.

348 2333 377 2379 v.
395 2315 422 2378 1.
439 2309 479 2378 ‘H
494 2313 679 2400 φιλαδελφία
703 2319 822 2402 μενέτω.
838 2349 882 2360 -
897 2312 1153 2379 Oohortatitmihus
1175 2309 1360 2394 generalibus
1375 2310 1429 2372 ed-

259 2419 349 2484 ueetit
365 2419 505 2502 epistolae
514 2421 765 2508 euoturquusdam
775 2419 973 2502 specialiores;
988 2429 1019 2482 et
1033 2419 1171 2504 quoniam
1186 2435 1269 2482 emor
1283 2418 1431 2480 fraternus

259 2525 525 2608 quamplurimum
547 2525 674 2590 iaciebat
694 2528 733 2588 ad
755 2525 924 2592 societatum
945 2525 1135 2593 christianam
1156 2524 1264 2588 arctius
1285 2521 1432 2586 coustrin-

140 2657 150 2666 ·
258 2633 385 2716 goudem
400 2641 430 2694 et
444 2631 519 2708 idei,
534 2631 565 2694 in
579 2651 639 2714 que
653 2632 751 2714 plures
760 2632 972 2707 claudicabant,
986 2631 1182 2700 constentiam
1189 2631 1429 2711 promovendam,

258 2736 329 2800 hino
348 2756 415 2802 eum
436 2747 506 2802 aute
527 2737 626 2802 omnia
648 2740 839 2808 commendat
864 2773 903 2786 -
929 2737 1040 2802 Paulus
1061 2736 1176 2800 scribit:
1198 2736 1219 2826 ἡ
1241 2737 1429 2828 φιλαδελφία

259 2848 380 2928 μενέειν,
395 2843 465 2926 quis
479 2844 599 2909 lectores
613 2843 754 2926 epistolae
769 2864 790 2906 a
804 2863 890 2916 seusu
912 2843 1019 2909 emeris
1042 2861 1111 2924 erge
1132 2845 1237 2906 iratres
1259 2861 1318 2909 uon
1340 2839 1428 2904 alieni

258 2957 342 3010 eraut
357 2946 421 3033 (cir.
436 2951 493 3015 VI.
513 2951 574 3024 10.;
594 2949 637 3017 X.
652 2948 729 3018 etti.
759 2947 867 3020 Quoad
882 2951 960 3014 hune
974 2968 1092 3014 versum
1107 2950 1155 3014 cfr.
1166 2949 1253 3014 Rom.
1268 2947 1344 3013 ΧΠ.
1364 2948 1429 3020 10.;

257 3055 282 3115 Ι.
298 3053 403 3119 Thess.
418 3053 473 3116 IV.
489 3057 535 3130 9.;
550 3057 574 3117 I.
589 3055 623 3117 P.
639 3057 663 3118 Ι.
679 3057 747 3130 223
762 3057 802 3118 Π.
816 3055 850 3116 Ρ.
866 3057 890 3120 Ι.
906 3057 936 3124 i.
994 3119 1003 3126 .

346 3179 374 3221 v.
391 3161 420 3226 2.
436 3157 502 3247 Τῆς
517 3163 686 3246 φιλοξενίας
702 3167 744 3251 μὴ
759 3160 1012 3228 ἐπιλανθάνεσθε·
1042 3164 1092 3227 διὰ
1107 3165 1220 3248 sahso<
1233 3163 1293 3245 γὰρ
1309 3159 1428 3224 ἔλαθόν

257 3289 332 3340 τινες
348 3251 685 3349 ξενίσαντεεάνγέλαιις.
704 3303 745 3314 -
760 3269 904 3348 Magnum
919 3277 981 3335 eret
996 3269 1075 3349 apud
1090 3277 1211 3340 veteres,
1234 3265 1326 3328 etiam
1348 3264 1429 3346 apud

261 3370 398 3446 ludaeos,
414 3371 533 3453 pietatis
547 3373 671 3436 officium
687 3373 849 3454 peregrinos
866 3375 990 3456 hospitio
1012 3374 1173 3456 excipiendi
1188 3392 1255 3434 eum
1270 3373 1330 3432 fere
1345 3369 1429 3432 nulla

257 3486 355 3538 esseut
368 3478 496 3559 hospitia
511 3479 643 3559 publica3
667 3497 755 3560 quare
778 3479 990 3560 hospitalitatis
1010 3479 1140 3542 studium
1164 3497 1223 3539 uon
1244 3496 1303 3539 uuo
1319 3475 1350 3537 in
1365 3475 1428 3538 lucu

257 3581 395 3646 librorum
409 3584 449 3651 N.
464 3585 499 3648 T.
515 3586 732 3652 commendetur
747 3582 811 3670 (oh.
821 3585 907 3654 Rom
916 3586 991 3653 XII.
1010 3587 1077 3660 13.;
1093 3587 1117 3655 1.
1132 3584 1165 3649 P.
1175 3583 1231 3646 IV.
1248 3584 1299 3659 9.;
1314 3583 1340 3644 Ι.
1349 3580 1426 3642 Tim.

257 3689 311 3755 ΙΙΙ.
327 3690 375 3764 2.;
391 3689 448 3754 Tit
464 3691 488 3758 1.
504 3691 535 3759 8.
551 3687 634 3774 eto.);
657 3690 745 3758 etiem
762 3691 913 3772 apostolus
927 3701 1024 3754 noster
1043 3691 1165 3756 lectores
1188 3707 1257 3755 suus
1279 3689 1428 3760 admouet,
1538 3707 1539 3718 ¹

257 3803 292 3859 ut
306 3795 467 3876 hospitales
481 3795 549 3868 siut,
564 3795 804 3866 sieutomuiuoiu
818 3797 991 3878 peregrinos,
1006 3796 1049 3860 ite
1057 3795 1190 3878 inprimis
1203 3795 1234 3858 in
1244 3793 1429 3866 christianos,

256 3908 290 3968 ut
304 3900 453 3968 christiani
467 3901 565 3982 patrie
579 3901 665 3982 pulei,
687 3901 717 3967 iu
740 3901 824 3964 terris
845 3901 1002 3984 peregrinis
1022 3904 1155 3968 oberrare
1179 3899 1282 3975 eoacti,
1304 3908 1360 3966 aut
1374 3899 1429 3962 iter

254 4004 392 4074 facimus
407 4008 545 4083 musana
560 4027 619 4087 quo
633 4027 664 4074 se
679 4015 744 4070 tuto
758 4007 907 4088 recipient.
938 4009 978 4070 Et
992 4017 1026 4072 ut
1047 4006 1140 4088 magis
1163 4006 1286 4070 lectores
1309 4025 1429 4087 permo-

253 4121 335 4174 voret
349 4113 387 4178 ad
402 4112 635 4192 hospitalitatem
649 4113 848 4186 exercendem,
863 4112 941 4186 dicit,
957 4113 1132 4194 quibusdem
1148 4112 1314 4192 contigisse.
1330 4123 1366 4176 ut
1380 4111 1427 4174 iu-

252 4213 303 4278 seii
326 4215 405 4294 ipsos
426 4216 546 4296 augelus
568 4217 741 4296 exceperint
780 4218 844 4284 Hoc
866 4217 1076 4298 hospitalitatis
1097 4216 1261 4299 praemium
1286 4218 1420 4285 tulerunt

249 4319 427 4395 Abraham,
448 4320 550 4388 [mace
564 4317 643 4404 (solt
665 4319 773 4384 Geues.
783 4321 913 4398 xviii,
927 4320 1032 4407 m)
1053 4332 1084 4388 et
1098 4321 1223 4396 Manu
1248 4324 1332 4410 (coll
1348 4324 1420 4400 Jud-
1536 4389 1537 4410 ἶ
