3096 4886
551 295 678 366 exposa
696 294 728 350 r.
748 297 792 349 ao.
810 292 853 352 ao.
1129 271 1133 274 ’
1219 299 1282 367 173

112 485 166 544 τοῦ
181 475 259 546 Θεοῦ
274 484 489 565 καταπατήσας
504 483 557 544 καὶ
571 483 604 544 τὸ
621 477 696 564 αἱμα
711 491 765 568 της
781 479 935 567 διαθήκης
958 483 1057 544 κοινὸν
1080 478 1281 572 ἡγησάμενος,
1306 513 1315 526 -

112 583 144 649 ἐν
160 585 184 671 ᾧ
198 585 346 675 ἡγιάσδη,
362 589 414 650 καὶ
430 589 463 649 τὸ
478 595 593 672 πνεῦμα
609 599 662 674 της
687 593 815 672 χάριτος
830 584 1003 670 ὲνοβρὶσας;
1020 620 1063 630 -
1079 587 1213 650 Verbum
1229 587 1282 650 δο-

112 703 192 757 κεῖτε
207 691 329 754 orationi
344 691 483 752 insertum
499 692 583 754 dictis
598 711 655 753 non
671 691 807 772 exiguum
826 691 908 753 addit
923 693 1048 774 pondus;
1064 693 1119 754 hoc
1128 692 1194 754 vult
1208 713 1277 772 apo-

114 797 209 860 stolus
223 798 330 862 dicere:
345 797 452 860 iudices
467 797 531 858 sitis
546 797 723 878 vosmetipsi,
738 816 784 860 res
799 800 871 861 adeo
887 799 1041 860 manifesta
1057 807 1101 860 est
1116 806 1145 860 et
1157 797 1283 870 evidens,

113 913 148 966 ut
162 906 200 966 ad
214 912 344 968 vestrum
359 903 495 966 iudicium
511 922 666 984 provocare
680 901 876 985 possim-t
893 909 942 970 τὸν
952 901 1014 970 albu
1024 914 1076 970 τοῦ
1092 901 1170 970 Θεοῦ
1185 926 1282 969 κατα-

113 1017 253 1099 πατήσας
267 1020 320 1085 est,
335 1010 385 1091 qui
400 1009 508 1072 fllium
524 1010 579 1072 Dei
595 1011 678 1091 quasi
695 1010 817 1092 pedibus
827 1009 1043 1073 conculcaverit,
1074 1010 1105 1078 S.
1114 1019 1214 1074 auctor
1229 1031 1282 1072 ex-

114 1119 238 1200 primere
255 1116 348 1180 voluit
371 1115 546 1178 sententiam
568 1118 659 1180 hanc:
684 1116 734 1198 qui
758 1115 868 1178 Christi
890 1117 1050 1180 doctrinam
1071 1117 1210 1194 reiecerit;
1232 1119 1282 1180 sed
1355 1112 1361 1124 '

116 1223 256 1287 eiusmodi
271 1224 368 1288 verbis
382 1243 452 1286 usus
469 1233 522 1297 est,
544 1244 619 1304 quae
640 1225 768 1286 facerent
788 1226 827 1286 ad
848 1222 973 1286 oriminis
994 1223 1177 1286 atrocitatem
1191 1243 1283 1306 exag-

113 1334 272 1415 gerandam
286 1339 374 1412 atque
389 1329 527 1392 lectorum
543 1330 655 1392 animos
670 1331 772 1392 fortius
787 1330 990 1410 percellendos.
1021 1332 1194 1406 ,Eortremi
1210 1351 1282 1394 cou-

114 1449 229 1505 remma
244 1439 399 1504 iudicium
414 1446 459 1502 est
475 1433 567 1521 (de'er‘t
581 1433 718 1520 Εεδὶιιτ),
739 1436 921 1500 concubuere
936 1438 1133 1520 quempiam:
1153 1437 1284 1520 infandi

115 1555 221 1610 cutem
237 1543 369 1621 scabras,
384 1543 420 1606 id
435 1544 675 1606 committerem
691 1541 815 1605 fllium
831 1543 929 1608 Dat
945 1578 988 1588 -
1005 1547 1038 1608 cb
1055 1540 1129 1628 αἱμα
1144 1555 1199 1632 τῆς
1215 1545 1281 1608 δια-

114 1656 221 1741 θήκης
236 1659 281 1713 est
295 1649 420 1728 sanguis,
436 1668 492 1730 quo
507 1649 607 1710 foedus
622 1647 766 1710 sancitum
781 1657 826 1710 est
841 1647 917 1732 (coll.
934 1649 991 1714 IX.
1004 1650 1053 1716 15.
1069 1647 1137 1734 ss.);
1153 1650 1182 1712 h.
1193 1649 1212 1712 l.
1228 1649 1284 1711 hac

113 1758 240 1822 formula
254 1765 371 1820 notatur
386 1773 464 1818 mors
480 1754 588 1817 Christi
604 1764 731 1829 cruenta,
754 1775 813 1836 qua
833 1754 932 1835 religio
955 1754 1047 1836 ipsius
1068 1755 1237 1836 consignata
1252 1764 1284 1816 et

114 1866 285 1929 confirmatu
300 1871 345 1926 est
360 1863 466 1945 (Mtth.
481 1861 603 1926 XXVI.
622 1863 686 1936 17.;
704 1863 727 1926 Ι.
736 1859 802 1926 Cor.
817 1862 874 1924 ΧΙ.
891 1860 966 1941 hb).
984 1898 1025 1908 -
1042 1866 1076 1927 τὸ
1092 1860 1166 1948 αἱμα
1182 1867 1282 1928 κοινὸν

113 1972 306 2062 ἡγησάμενος
330 1967 434 2032 dicitur
455 1967 489 2042 is,
511 1967 561 2048 qui
583 1987 675 2048 aeque
697 1988 732 2030 ao
753 1967 775 2030 J
779 1967 871 2042 udaei,
893 1967 942 2048 qui
966 1966 1118 2030 Christum
1142 1977 1283 2050 tauquam

114 2077 312 2140 fraudatorem
328 2085 358 2137 et
379 2073 546 2138 seditiosum
562 2074 592 2136 iu
616 2092 727 2138 crucem
751 2084 877 2156 egerant,
902 2073 1071 2154 sanguinem
1094 2072 1203 2136 Christi
1227 2094 1285 2138 nou

115 2183 233 2246 maioris
248 2183 326 2258 facit,
342 2201 430 2263 quam
447 2180 617 2261 sauguinem
641 2181 833 2262 cuiuscunque
854 2179 980 2243 hominis
1002 2179 1105 2243 merito
1129 2180 1283 2253 interemti,

118 2293 276 2371 eodemque
291 2289 353 2351 loco
368 2289 459 2350 habet
473 2288 528 2350 Dei
544 2288 661 2363 Filium,
677 2309 734 2370 quo
749 2288 822 2351 alios
843 2290 882 2351 ob
897 2308 951 2350 sna
972 2288 1080 2350 scelera
1102 2288 1197 2350 ultimi
1212 2309 1284 2370 sup-

113 2397 193 2480 plicii
212 2415 283 2460 reos.
293 2431 336 2441 -
346 2400 379 2460 τὸ
388 2400 504 2482 πνεῦμα
513 2407 566 2484 της
576 2401 703 2482 χάριτος
713 2405 757 2458 est
767 2393 894 2476 Spiritus
902 2416 934 2468 a,
944 2393 1037 2458 omnis
1046 2394 1156 2474 gratiae
1171 2405 1284 2469 auctor;

116 2504 244 2586 gratuita
269 2502 345 2564 enim
361 2502 415 2563 Dei
432 2504 508 2563 dona
522 2501 552 2562 in
569 2501 723 2582 Scripturis
738 2501 924 2584 appropriate
940 2501 1105 2562 tribuuntur
1127 2499 1247 2582 Spiritui
1263 2523 1284 2562 s.

115 2613 204 2674 Hunc
230 2628 296 2691 ergo
320 2607 494 2672 contumelia
509 2607 607 2680 afficit,
630 2607 679 2688 qui
701 2608 762 2670 eius
776 2607 915 2670 beneficia
933 2605 1107 2682 contemnit3
1129 2607 1285 2668 contemnit

114 2727 215 2780 autem
229 2713 400 2798 praeprimis
410 2713 468 2788 ille,
483 2714 532 2795 qui
542 2713 692 2776 Christum
700 2715 804 2795 ipsum,
820 2716 900 2778 ouius
909 2713 1011 2776 merito
1026 2713 1160 2794 spiritum
1175 2713 1285 2776 saucti-

113 2823 256 2888 fioationis
271 2831 429 2903 acceperat,
444 2839 497 2902 per
511 2820 690 2902 apostasiam
706 2821 810 2884 deserit
825 2842 860 2884 ao
880 2821 1012 2902 repellit3
1027 2825 1118 2908 χάρις
1133 2819 1210 2882 enim
1225 2822 1254 2883 h.
1264 2820 1284 2886 l.

115 2929 299 3012 potissimum
313 2930 432 2991 denotat
448 2927 618 2992 beneficium
634 2927 793 2992 vocationis
808 2931 846 2990 ad
861 2929 947 2990 fidem
963 2926 1073 2988 Christi
1088 2924 1241 3013 (Eutime).

202 3055 231 3099 v.
247 3037 298 3102 30.
315 3033 445 3122 Οἴδαμεν
467 3038 526 3120 γὰρ
549 3039 598 3101 τὸν
614 3032 740 3100 εἰπόντα·
765 3031 853 3121 Ἐμοὶ
874 3033 1046 3122 ἐκδίκησις,
1062 3032 1120 3116 ἐγὼ
1143 3033 1276 3102 ἀνταπο-

114 3145 213 3220 δώσω,
239 3145 319 3224 λέγει
338 3145 451 3226 κὺριος.
483 3139 547 3205 Καὶ
562 3143 661 3206 πάλιν·
695 3139 800 3226 Κρινεῖ
822 3145 927 3226 κὺριος
946 3146 997 3206 τὸν
1022 3145 1096 3206 λαὸν
1119 3137 1220 3210 αὑτοῦ.
1238 3176 1280 3188 --

117 3249 185 3321 Quo
201 3249 339 3312 maiorem
354 3248 415 3310 vim
431 3258 460 3309 et
475 3247 601 3328 vigorem
617 3247 740 3310 orationi
762 3247 926 3310 conciliaret
941 3269 964 3309 s.
980 3257 1088 3322 auctor,
1112 3267 1216 3310 nornen
1230 3246 1286 3310 Dei
1355 3259 1358 3264 '

115 3357 239 3420 reticuit.
256 3391 299 3402 -
315 3353 384 3417 Looi
399 3354 430 3416 in
444 3356 500 3418 hoo
513 3371 599 3416 versu
613 3355 695 3416 citati
705 3375 742 3416 ex
757 3355 843 3421 Dent.
852 3353 992 3419 XXXII.
1003 3355 1056 3421 35.
1072 3357 1124 3423 36.
1140 3355 1283 3436 depromti

13 3517 16 3528 .
117 3473 202 3541 sunt;
217 3460 393 3542 sedprimus
409 3461 488 3524 locus
504 3481 595 3542 neque
610 3481 676 3525 eum
691 3470 775 3525 textu
791 3461 934 3536 hebraico,
944 3481 1036 3544 neque
1046 3481 1111 3524 oum
1126 3481 1199 3525 vers.
1210 3463 1286 3526 Ale-

115 3569 261 3633 xaudu'na
275 3588 312 3630 err
328 3568 406 3630 omni
421 3577 505 3650 parte
520 3569 670 3632 consentit.
702 3569 781 3631 Nam
803 3569 833 3631 iu
856 3578 940 3632 textu
961 3570 1041 3631 hebr.
1064 3569 1185 3650 legitur:
1208 3569 1280 3632 mihi

116 3686 161 3740 est
176 3674 305 3738 vindicta
319 3683 349 3736 et
364 3675 530 3751 retributi03
545 3675 739 3738 Alexandrini
755 3684 854 3738 autem
869 3676 1039 3755 interpretes
1054 3674 1172 3738 liberius
1187 3686 1284 3738 verte-

116 3792 198 3846 mnt:
225 3778 256 3846 ἐν
271 3778 372 3871 ἡμέρη
396 3779 581 3870 ἐκδικήσεως
596 3781 809 3858 ἀνταποδώσω,
832 3783 863 3845 in
886 3783 932 3844 die
953 3781 1097 3844 vindictae
1119 3781 1285 3844 retribuam.

116 3893 153 3953 In
168 3910 215 3970 ep.
230 3890 268 3950 ad
283 3889 371 3951 Rom.
387 3888 471 3972 (XII.
491 3887 554 3974 19.)
571 3890 720 3970 apostolus
735 3889 831 3952 locum
845 3890 932 3950 Deut.
954 3887 1056 3951 iisdem
1071 3887 1175 3963 verbis,
1191 3888 1286 3968 prouti

116 3999 146 4062 h.
161 3997 182 4059 l.
198 3995 342 4076 leguntur,
357 3995 508 4076 expressit,
523 4005 553 4057 et
568 4015 605 4058 ex
620 4016 653 4058 eo
668 3995 797 4070 deduxit,
813 4015 865 4058 uos
881 4015 938 4057 non
953 3996 1057 4056 debere
1071 3993 1191 4057 iniurias
1201 3995 1285 4057 uobis

114 4105 217 4168 illatas
232 4101 339 4176 ulcisci,
356 4103 384 4168 h.
400 4102 421 4168 l.
437 4122 504 4164 eum
520 4103 623 4164 laudat
638 4103 844 4175 declaraturus,
859 4100 1005 4180 religionis
1027 4100 1201 4164 christianae
1216 4121 1287 4164 con-

115 4221 254 4274 temtores
279 4218 309 4271 et
333 4210 489 4272 defectores
519 4229 575 4272 nou
605 4209 722 4290 impune
755 4228 817 4270 esse
841 4208 980 4275 abituros.
1005 4245 1047 4254 -—
1064 4209 1180 4270 Verba:
1206 4210 1287 4291 λέγει

116 4322 231 4406 κὺρισς,
247 4336 322 4398 quaa
337 4316 367 4379 in
383 4317 529 4380 nonnullis
544 4315 690 4379 codicibus
700 4313 753 4402 (Α.
769 4311 901 4384 1).***Ε,
912 4317 951 4378 Κ.
962 4317 996 4381 L.
1006 4324 1037 4378 et
1047 4312 1127 4404 aliis)
1144 4315 1286 4400 leguntur,
