3072 4882
268 320 330 386 148
729 313 853 378 Expositis
871 313 916 366 IX.
937 313 977 367 15.

266 496 354 562 secus
368 493 563 558 monumentis
577 490 608 555 in
623 509 677 556 sua
693 487 756 556 loca
770 495 903 575 digestis:
926 495 957 557 in
980 496 1103 576 priorem
1125 495 1305 559 tabernaculi
1320 507 1428 577 partem
1514 541 1515 572 ,

266 603 393 686 quotidie
408 601 607 683 ingrediuntur
615 602 776 663 sacerdotes
785 601 916 682 quilibet,
932 611 966 664 ut
981 603 1075 665 cultus
1090 603 1181 666 divini
1196 603 1356 664 ministeria
1366 621 1428 683 per·
1514 583 1515 620 ³

266 720 373 792 egant3
389 711 419 770 in
434 717 549 788 partem
564 707 741 769 tabernaculi
759 709 943 788 posteriorem
964 711 1032 771 ver'o
1055 709 1139 773 unico
1162 719 1276 772 tantum
1301 709 1371 771 anni
1386 709 1427 772 die
1514 753 1515 786 ,

266 819 345 880 solus
352 835 482 878 summus
490 814 629 894 pontifex,
646 833 703 875 non
712 813 773 876 sine
782 814 920 894 sanguine
935 815 1100 896 ingreditur,
1115 836 1202 897 quem
1216 817 1299 878 offert
1313 834 1366 896 pro
1375 816 1428 877 suis

264 935 294 986 et
308 922 409 1005 populi
424 920 537 984 delictis
552 938 603 1000 per
618 937 741 981 errorem
757 931 786 982 et
801 921 996 1001 ignorantiam
1011 923 1177 986 commissis.
1209 921 1326 992 Quibus
1347 925 1428 984 rebus
1514 933 1515 942 ’

264 1029 356 1092 veluti
373 1046 423 1110 per
438 1026 606 1108 aenigmata
621 1027 766 1106 quaedam
789 1025 971 1108 significabat
986 1027 1113 1108 Spiritus
1128 1050 1160 1101 s.,
1182 1031 1311 1092 nondum
1333 1038 1427 1110 patere

264 1138 343 1199 viam
358 1137 396 1197 ad
412 1131 548 1196 coelestia
563 1130 672 1194 Sancta
688 1131 870 1206 Sanctomm,
892 1134 1031 1214 quamdiu
1053 1135 1149 1198 cultus
1164 1135 1311 1198 Leviticus
1327 1145 1357 1196 et
1371 1155 1426 1196 om·

263 1245 331 1306 nino
346 1240 467 1320 antiqua
482 1236 649 1300 oeconomia
662 1237 749 1318 viget.
779 1237 836 1300 Hie
850 1239 945 1302 cultus
960 1239 1108 1302 Leviticus
1123 1240 1218 1322 imago
1233 1251 1278 1302 est
1293 1240 1427 1321 temporis

268 1347 376 1411 veteris
390 1345 506 1418 ordinis,
523 1343 567 1406 cui
590 1341 694 1428 (cultui
709 1344 839 1408 Levitico
853 1345 969 1428 nempe)
992 1347 1191 1410 convenienter
1206 1350 1283 1410 dona
1298 1358 1328 1410 et
1343 1347 1427 1409 sacri-

264 1454 331 1519 ficia
346 1453 510 1523 offeruntur,
533 1469 608 1531 quae
629 1469 686 1512 uon
708 1461 838 1530 possunt,
866 1453 942 1532 quod
965 1453 1167 1516 conscientiam
1182 1455 1297 1528 attinet,
1313 1453 1426 1534 expiare

262 1563 373 1626 cultum
389 1565 596 1640 praestantem,
611 1555 681 1636 quia
695 1576 755 1618 una
769 1577 835 1619 cum
850 1557 921 1619 eihis
936 1568 967 1619 et
982 1559 1100 1639 potibus
1115 1570 1145 1621 et
1159 1559 1249 1622 variis
1271 1559 1426 1622 lotionibus

261 1667 375 1732 nonnisi
399 1672 512 1726 statuta
535 1662 629 1726 carnis
654 1672 737 1724 erant
761 1684 851 1744 usque
875 1666 913 1726 ad
940 1674 1056 1746 tempus
1080 1665 1259 1728 correctionis
1283 1665 1424 1746 imposita.

260 1773 394 1836 Christus
409 1788 485 1842 vero,
505 1788 571 1830 cum
587 1767 740 1848 prodiisset
760 1768 892 1848 pontifex
915 1771 1075 1832 futurorum
1099 1773 1239 1834 honorum
1259 1789 1311 1852 per
1334 1771 1425 1833 maius

262 1891 292 1943 et
306 1877 460 1960 perfectius
475 1874 705 1946 tabernaculum,
728 1894 786 1936 non
807 1885 870 1936 arte
894 1877 1025 1938 humana
1046 1885 1234 1950 exstructum,
1258 1859 1352 1958 neque
1374 1880 1425 1938 ad-

261 1989 355 2049 serens
371 1982 540 2064 sanguinem
556 1980 699 2042 hircorum
715 1990 745 2042 et
759 1979 925 2056 vitulomm‚
948 1985 998 2045 sed
1022 2001 1074 2064 per
1094 1983 1242 2065 proprium
1257 1985 1424 2064 sanguinem

259 2094 289 2155 in
316 2089 508 2154 sanctissima
537 2086 609 2150 coeli
640 2085 783 2167 ingressus
816 2097 868 2162 est,
890 2097 920 2149 et
942 2089 1059 2169 quidem
1090 2091 1179 2152 semel
1201 2099 1328 2164 tantum,
1351 2109 1424 2158 vera

260 2199 349 2280 plena
363 2207 393 2258 et
408 2205 527 2257 aeterna
540 2193 716 2255 redemtione
731 2203 907 2274 comparata.
939 2191 1026 2264 Quod
1048 2195 1072 2257 si
1095 2195 1212 2276 sanguis
1234 2205 1383 2258 taurorum
1397 2207 1425 2258 et

258 2305 403 2366 hircorum
418 2311 448 2363 et
463 2299 533 2363 cinis
548 2311 669 2362 exustae
684 2298 795 2361 vitulae
817 2318 951 2380 aspersus
975 2301 1140 2383 inquinatos
1161 2312 1275 2383 purgat,
1298 2312 1332 2364 ut
1346 2302 1425 2384 puri-

257 2419 351 2472 tatem
366 2417 517 2471 externam
533 2415 753 2486 consequautur,
769 2417 879 2486 quanto
888 2408 982 2489 magis
997 2408 1114 2489 sanguis
1124 2407 1241 2484 Christi,
1257 2408 1307 2488 qui
1323 2408 1422 2489 spiritu

256 2527 373 2580 aeterno
388 2523 523 2577 movente
537 2522 626 2593 atque
647 2512 815 2592 impellente
837 2513 963 2594 seipsum
986 2514 1093 2576 obtulit
1115 2515 1337 2576 immaculatum
1352 2517 1420 2587 Deo,

256 2623 411 2686 mundabit
425 2619 628 2684 conscientiam
644 2627 774 2680 nostram
789 2640 808 2680 a
823 2621 948 2699 peccatis
963 2623 1001 2682 ad
1017 2621 1127 2682 cultum
1144 2623 1352 2700 praestandum
1361 2623 1421 2682 Deo

255 2729 389 2792 viventi?

650 2867 720 2948 Cap.
738 2867 794 2930 IX.
824 2887 873 2929 vv.
891 2867 1029 2934 15-28.

350 3027 520 3112 Apostolus,
536 3047 592 3108 quo
608 3035 731 3089 mortem
747 3026 855 3089 Christi
869 3037 968 3090 contra
983 3047 1032 3090 eos
1047 3029 1191 3102 defendat,
1212 3029 1318 3108 quibus
1332 3031 1419 3091 offen-

254 3139 327 3202 sioni
336 3147 407 3211 erat,
417 3143 612 3216 acpropterea
621 3136 656 3196 de
666 3133 810 3214 religionis
825 3134 999 3196 christianae
1008 3135 1130 3196 veritate
1146 3135 1331 3208 dubitabant,
1347 3156 1418 3198 nunc

253 3265 272 3306 a
288 3265 316 3308 v.
336 3244 473 3310 15-23.
497 3241 584 3302 huius
600 3239 700 3302 mortis
715 3240 915 3303 necessitatem
932 3243 1119 3312 demonstrat,
1142 3260 1200 3321 qua
1222 3243 1416 3304 demonstrata

251 3371 280 3412 v.
296 3350 437 3418 24—28.
452 3348 548 3411 adhuc
562 3347 660 3420 semel,
683 3346 844 3426 etquidem
866 3348 955 3428 paulo
978 3346 1140 3408 enuclatius
1154 3348 1191 3408 de
1206 3345 1315 3409 Christi
1330 3347 1415 3410 seori

252 3457 315 3520 ficio
330 3453 489 3520 doctrinam
506 3453 648 3535 proponit.

339 3599 386 3640 vv.
405 3579 544 3646 15-17.
560 3579 670 3650 Verba,
679 3597 754 3658 quae
769 3577 799 3638 iu
808 3578 865 3640 hae
873 3577 1007 3659 pericopa
1017 3578 1158 3658 leguntur,
1167 3579 1205 3638 ab
1215 3576 1412 3656 interpretibus

249 3685 330 3750 vario
345 3689 430 3748 modo
445 3673 592 3765 explidata
607 3693 683 3752 sunt,
714 3683 760 3746 Ao
775 3685 872 3764 plures
887 3685 1003 3766 quidem
1018 3685 1161 3748 vocabulo
1177 3686 1324 3772 διαθήκη,
1340 3685 1409 3764 quod

248 3795 278 3855 in
294 3794 339 3856 his
355 3792 487 3854 versibus
502 3791 630 3863 occurrit,
645 3811 672 3857 v,
692 3793 741 3858 15.
757 3790 902 3852 notionem
912 3791 1060 3872 foederis,
1077 3792 1126 3852 sed
1142 3811 1169 3854 v.
1190 3792 1238 3856 16.
1254 3800 1285 3851 et
1297 3792 1347 3855 17.
1363 3810 1410 3851 no-

247 3901 356 3961 tionem
374 3900 548 3962 teatomeuti
558 3897 741 3958 tribuendam
751 3895 1002 3973 esseiudioarunt3
1019 3896 1070 3957 alii
1079 3897 1296 3969 contenderunt,
1312 3916 1410 3959 nomeu

247 4007 383 4093 διαθήκη
400 4025 427 4066 v.
446 4004 495 4070 15.
511 4002 618 4084 duplici
635 4023 721 4064 sensu
731 4001 937 4084 positumesse‚
954 4003 997 4064 ita
1006 4012 1040 4063 ut
1048 4003 1148 4064 foedus
1157 4012 1187 4062 et
1196 4011 1409 4073 testamentum,

244 4131 296 4173 seu
310 4112 418 4183 foedus,
434 4111 511 4190 quod
526 4107 693 4170 testamenti
708 4108 849 4170 rationem
865 4109 995 4180 haberet,
1011 4107 1192 4188 significaret,
1215 4117 1245 4169 et
1261 4109 1319 4171 hac
1335 4108 1406 4170 vocis

244 4216 437 4296 ambiguitate
451 4215 731 4294 argumentationem
740 4215 865 4295 apostoli
881 4215 950 4289 niti;
966 4216 1062 4276 adhuc
1074 4213 1125 4274 alii
1140 4213 1281 4276 huicvoci
1296 4213 1408 4276 inomni

247 4321 303 4384 hau
317 4321 453 4402 pericopa
467 4320 588 4380 foederis
610 4320 847 4399 significationem
866 4320 1075 4383 subiiciendam
1097 4339 1158 4382 esse
1180 4328 1354 4382 statuerunt.
1371 4355 1407 4367 -
