3064 4894
546 323 671 388 Expositio
689 323 734 373 IX.
755 322 795 374 11.
1200 323 1264 390 145

95 500 210 565 nonnisi
226 511 339 564 statuta
354 502 448 564 carnis
463 510 546 564 erant
561 522 651 583 usque
667 504 705 564 ad
721 511 837 582 tempus
858 502 1038 565 correctionis
1060 503 1204 584 imposita.
1222 537 1263 550 -

95 611 199 690 Pruep.
216 607 263 674 ἐπί
278 610 307 670 h.
325 610 345 670 l.
361 610 501 670 vertenda
516 617 560 670 est
575 625 639 688 per:
657 629 716 670 una
731 629 804 671 cum.
816 645 856 654 —-
867 609 924 670 Per
939 611 1085 695 βρώματα
1100 619 1130 671 et
1144 615 1263 695 πόματα
1348 622 1351 627 ’

95 715 213 778 omnino
229 715 285 777 cibi
308 724 338 776 et
352 724 439 796 potus
460 714 639 795 intelligendi
662 714 784 787 suntin
807 715 913 795 quibus
933 724 1034 795 utpote
1056 716 1119 797 lege
1134 718 1265 780 Mosaioa

95 823 144 884 vel
160 821 246 884 licitis
260 823 308 883 vel
324 821 432 883 illicitis
447 821 533 916 facile
547 821 647 882 Iudaei
658 839 774 901 peccare
790 830 925 902 poterant
939 822 991 895 ita,
1008 832 1042 884 ut
1056 821 1091 884 iis
1100 823 1264 904 expiatione

96 930 225 1010 quadam
240 928 357 990 levitica
372 948 445 1008 opus
460 936 544 988 esset.
562 965 604 976 -
621 931 781 1014 βαπτισμοί
796 937 865 988 sunt
880 927 1058 1006 lavationes3
1075 930 1150 992 aliae
1166 940 1265 994 autem

98 1045 183 1097 erant
191 1017 355 1097 lavationes
364 1036 544 1096 sacerdotum
554 1043 584 1095 ct
593 1033 772 1106 Levitarum,
787 1033 864 1095 aliae
873 1034 1024 1126 hominum
1033 1055 1266 1119 quorumcunque

99 1143 161 1223 lege
176 1141 310 1205 Levitico
324 1141 511 1222 impurorum,
527 1149 557 1202 et
572 1149 711 1220 utraeque
726 1158 824 1202 rursus
838 1141 951 1215 variae;
968 1141 1035 1204 huic
1043 1144 1193 1223 apostolus
1210 1147 1266 1207 ad-

97 1249 158 1310 dit:
175 1251 341 1335 διαφόροις,
356 1247 453 1320 variis,
469 1245 543 1307 varii
558 1247 677 1326 generis.
691 1281 735 1293 ·-
752 1247 939 1331 δικαιώματα
956 1253 1069 1332 σαρκός
1084 1249 1173 1311 hiout
1187 1271 1215 1315 v.
1228 1251 1268 1323 1.,

103 1363 171 1416 sunt
185 1363 348 1435 praecepta,
364 1361 478 1414 statuta
493 1351 578 1432 legis;
594 1362 734 1415 vocantur
749 1354 935 1439 δικαιώματα
951 1353 1074 1438 σαρκός,
1099 1355 1168 1436 quia
1182 1356 1267 1418 vale-

101 1463 300 1522 bauttantum
315 1461 353 1522 ad
362 1458 537 1521 munditiam
545 1459 724 1540 corporalem
733 1468 763 1520 et
772 1469 930 1532 externam,
947 1461 1151 1524 conscientiam
1166 1471 1265 1524 autem

101 1577 130 1628 et
144 1566 275 1628 animum
290 1586 346 1628 non
362 1567 544 1646 spectabant.
1146 1607 1149 1615 ι

189 1691 217 1733 ν.
236 1674 285 1738 11.
301 1671 432 1756 Χριστὸς
448 1673 489 1744 δὲ,
505 1677 744 1756 παραγενόμενος
754 1670 912 1757 ἀρχιερεὺς
928 1685 984 1736 των
1002 1674 1172 1758 μελλόντων
1189 1672 1266 1756 ἀγα-

101 1783 174 1854 θῶν,
191 1781 240 1843 διὰ
256 1791 310 1867 τῆς
328 1783 461 1864 μείζονος
477 1781 529 1842 καὶ
544 1781 732 1861 τελειοτέρας
748 1790 872 1864 σκηνῆς,
890 1775 924 1842 οἰ)
941 1786 1163 1866 χειροποιήτου,
1180 1805 1267 1846 τοοτ-

101 1893 178 1950 ἑστιν
194 1881 228 1949 οὒ
244 1889 355 1972 ταίτης
370 1897 424 1974 τῆς
440 1881 573 1956 κτίσεως,

189 2012 218 2052 v.
238 1993 286 2056 12.
310 1988 379 2056 οὐδὲ
402 1987 440 2055 δι’
463 1989 592 2075 αἵματος
622 1996 738 2075 τράγων
761 1995 814 2054 καὶ
837 1995 969 2077 μόσχων,
992 1992 1040 2056 διὰ
1063 1991 1095 2056 δὲ
1118 2003 1170 2058 τοῦ
1193 1991 1267 2062 ἰδίου

102 2098 228 2186 αἵματος
258 2097 398 2187 είςῆλθεν
426 2097 544 2183 ἐφάπαξ
577 2093 618 2169 είς
646 2100 684 2159 τὰ
713 2094 791 2177 ἅγια,
820 2094 938 2162 αἰωνίαν
968 2099 1114 2181 λίτρωσιν
1141 2097 1269 2188 alpapt-

102 2230 160 2279 νος.
178 2241 215 2252 -
246 2205 332 2268 Nunc
352 2205 478 2266 ostendit
497 2224 520 2266 s.
543 2203 654 2264 Paulus
676 2223 743 2263 av.
769 2205 843 2268 11-
857 2204 906 2270 14.
930 2223 980 2283 per
1001 2203 1151 2268 Ohristum
1182 2227 1269 2290 prag.

100 2312 171 2374 stita
186 2331 248 2373 esse
264 2331 307 2385 ea,
323 2331 398 2392 quae
413 2331 432 2372 a
447 2309 631 2392 pontificibus
646 2311 686 2374 V.
696 2309 729 2374 T.
746 2318 777 2370 et
801 2327 852 2389 per
873 2310 983 2372 cultum
1006 2311 1168 2375 Leviticum
1184 2334 1269 2396 prae-

101 2419 171 2480 stari
196 2426 227 2478 et
250 2418 323 2479 effici
350 2416 538 2480 nullomodo
561 2424 705 2496 poterant,
732 2451 770 2461 -
796 2421 1015 2500 παραγίνεσθαι
1038 2419 1191 2499 siguificat:
1214 2425 1270 2484 ad·

100 2525 207 2597 venire,
231 2524 261 2586 iu
285 2523 435 2605 publicum
459 2521 571 2602 prodire
578 2541 587 2597 ;
619 2521 649 2586 h.
668 2521 687 2581 l.
712 2523 815 2582 verba:
847 2529 1086 2608 παραγενόμενος
1111 2525 1269 2613 ἀρχιερεὺς

104 2644 161 2696 τῶν
186 2632 357 2717 μελλόντων
386 2627 513 2710 ἀγαθῶν
542 2627 762 2706 interpretanda,
790 2637 859 2689 suut
889 2629 965 2690 hunc
993 2629 1022 2690 in
1050 2633 1183 2694 modum:
1205 2653 1271 2696 cum

103 2737 237 2798 Christus
262 2738 316 2797 has
341 2737 370 2796 iu
395 2745 488 2796 terras
517 2734 653 2806 venisset,
678 2743 712 2794 ut
743 2743 835 2796 morte
864 2755 918 2796 sua
950 2745 1068 2797 cruenta
1092 2739 1173 2800 fieret
1196 2760 1271 2820 pon-

103 2844 184 2917 tifex,
201 2845 246 2906 cui
261 2845 431 2904 deberemus
446 2843 523 2904 bona
538 2843 645 2913 sutura,
661 2839 782 2902 intravit
797 2850 849 2906 eto.
873 2878 906 2888 -
925 2846 963 2906 τὰ
987 2845 1140 2928 μέλλοντα
1164 2843 1270 2926 ἀγαθοί

103 2959 172 3012 sunt
187 2952 264 3012 bona
278 2949 357 3029 regui
367 2947 516 3021 Messinm,
532 2947 654 3022 scilicet:
671 2947 799 3027 expiatio
808 2947 838 3008 iu
847 2958 1019 3029 perpetuum
1035 2952 1170 3026 valitura,
1186 2973 1272 3015 sanc-

103 3055 225 3119 tificatio
240 3055 362 3128 iuterna,
378 3043 501 3116 felicitas
516 3063 642 3115 aeterna.
659 3055 742 3116 Bona
757 3055 830 3116 haec
851 3055 984 3118 dicuntur
1005 3057 1111 3134 futura,
1134 3058 1272 3138 quoniam

104 3184 138 3226 eo
154 3172 292 3244 tempore,
308 3182 365 3242 quo
381 3160 475 3223 cultus
490 3161 637 3223 Leviticus
652 3160 779 3240 vigebat,
795 3162 893 3224 sutura
908 3173 999 3236 eraut,
1015 3165 1050 3224 ad
1068 3169 1172 3248 καιρὸν
1189 3168 1271 3250 διορ-

111 3274 242 3343 θώσεως
258 3268 334 3350 (coll.
350 3289 378 3335 ν,
397 3266 460 3352 10.)
477 3277 632 3340 reservata,
648 3285 736 3348 quare
751 3267 840 3329 etiam
855 3269 884 3329 iu
900 3270 1142 3350 subsequentibus
1158 3269 1212 3355 (X.
1232 3272 1272 3353 1.)

104 3385 289 3457 opponuntur
304 3375 395 3438 cultui
410 3374 549 3448 Levitico,
573 3373 622 3455 qui
645 3373 698 3435 illa
714 3377 790 3436 bona
812 3377 1018 3442 adumbrabat,
1094 3375 1227 3440 Christus
1243 3379 1272 3440 in

104 3486 228 3564 adytum
240 3482 361 3544 coeleste
371 3481 493 3543 intrasse
503 3481 606 3543 dicitur
616 3482 665 3546 διὰ
675 3493 729 3570 τῆς
740 3477 872 3567 μείζονος
883 3487 935 3547 καί
945 3487 1133 3568 τελειοτέρας
1142 3497 1273 3572 σκηνῆς;

106 3589 218 3652 Paulus
234 3590 312 3650 enim
328 3587 436 3651 Christi
452 3588 595 3668 pontificis
610 3587 762 3650 introitum
786 3587 816 3650 iu
838 3590 961 3671 adytum
982 3591 1104 3652 coeleste
1119 3611 1184 3653 cum
1201 3611 1274 3671 pon-

105 3696 193 3758 tificis
215 3697 394 3758 Judaeorum
422 3695 551 3776 ingressu
577 3695 609 3756 iu
631 3697 754 3776 adytum
775 3695 890 3757 tentorii
912 3717 962 3758 seu
984 3697 1086 3777 templi
1108 3715 1275 3778 comparare

105 3802 215 3878 voluit;
231 3803 290 3863 iam
306 3820 374 3864 vero
389 3801 520 3882 pontifex
537 3819 587 3881 per
603 3807 655 3890 τῆν
672 3807 785 3890 σκηνὴν
802 3807 854 3890 τῆν
870 3808 990 3888 πρωτην
1006 3803 1137 3864 intrabat
1152 3806 1274 3884 adytum

108 3929 160 3971 seu
177 3907 407 3982 Sanctissimum,
430 3917 464 3968 ut
477 3928 505 3973 v.
523 3910 552 3974 6.
568 3917 598 3970 et
613 3909 642 3972 7.
658 3908 778 3988 legitur3
803 3917 837 3970 ut
858 3927 924 3989 ergo
946 3908 1123 3988 comparatio
1142 3910 1276 3970 omuibus

108 4016 235 4079 numeris
251 4037 285 4078 ao
300 4015 433 4096 partibus
449 4014 587 4076 absoluta
602 4024 762 4095 appareret,
786 4017 913 4076 debebat
934 4015 997 4087 dici,
1022 4014 1111 4075 etiam
1127 4014 1276 4077 Christum

108 4125 157 4187 διὰ
174 4135 228 4211 τῆς
244 4134 361 4210 σκηνῆς
375 4120 499 4182 intrasse
515 4123 637 4201 adytum
652 4122 783 4194 coeleste,
799 4130 829 4181 et
844 4121 969 4202 quidem,
992 4140 1058 4182 oum
1080 4123 1135 4184 hoc
1153 4124 1276 4203 adytum
1365 4191 1368 4198 ¹

107 4229 235 4292 multum
250 4237 413 4310 praestaret
428 4227 564 4301 terrestri,
588 4230 636 4292 διὰ
652 4241 706 4317 τῆς
723 4241 837 4317 σκηνῆς
854 4233 988 4314 μείζονος
1012 4231 1064 4292 καὶ
1080 4230 1277 4314 τελειοτέρας,

107 4355 159 4419 per
175 4335 397 4398 tabernaculum
412 4334 539 4414 amplius
555 4346 585 4396 et
600 4335 804 4415 praestantius,
820 4355 909 4415 quam
924 4346 986 4398 erat
996 4335 1123 4398 anterius
1138 4339 1277 4400 taberna·

163 4461 264 4507 aanor,
279 4460 442 4496 commeaturus.
1085 4456 1117 4512 10
