3096 4886
409 343 571 408 Paraphrasis
590 342 660 390 XIII.
682 339 808 399 18-2l.;
827 356 909 406 expos.
928 341 999 391 XIII.
1018 339 1060 391 22.
1248 341 1313 406 229

146 536 254 590 ποιῶν.
267 575 274 588 .
285 519 398 608 .Ἰησοι”ι
407 520 540 605 Χριστοῦ
549 520 628 581 uncis
637 519 810 582 iucludenda
819 518 1008 600 praecipiunt,
1017 520 1094 599 quod
1103 518 1179 581 alins
1188 518 1315 580 maxime

145 633 227 692 Deus
238 631 325 690 Pater
339 627 383 689 ita
397 626 555 690 collaudari
565 625 667 700 soleat,
683 634 714 688 et
722 625 908 708 scriptoribus
918 645 956 688 ss
965 624 1107 686 usitatum
1121 624 1169 698 sit,
1184 623 1314 705 quoties-

145 755 256 815 cunque
279 732 433 816 singnlaris
457 731 587 794 beneficii
613 731 704 794 divini
725 731 900 794 mentionem
924 731 1051 803 fecerint,
1075 732 1105 794 in
1131 730 1232 792 laudes
1253 729 1315 791 eius

145 858 302 922 erumpere,
326 839 446 902 Rectius
455 856 522 901 vero
532 838 583 900 alii
593 839 669 900 hone
679 837 863 919 doxologiam
873 836 1024 900 Christum
1032 847 1162 920 spectare
1172 844 1315 911 statuunt,

144 967 233 1028 quam
249 945 423 1008 sententiam
438 947 592 1008 verborum
607 947 676 1008 ordo
693 945 884 1018 commendat,
900 943 996 1016 etalii
1012 943 1066 1006 loci
1083 942 1183 1027 (Rom.
1200 942 1258 1008 IX.
1267 942 1313 1015 55

144 1055 184 1118 Π,
200 1052 276 1116 Tim.
292 1053 348 1116 IV.
366 1053 427 1120 18.:
450 1054 474 1116 1.
489 1052 537 1113 Pt.
554 1053 609 1114 IV.
628 1054 692 1125 11.;
707 1053 746 1112 H.
763 1051 811 1116 Pe
826 1052 881 1113 111.
898 1051 965 1128 18.;
987 1049 1080 1132 Apoc.
1102 1051 1125 1118 1.
1143 1047 1186 1134 6.)
1210 1049 1314 1112 confir-

147 1167 239 1232 mant,
256 1157 306 1242 qui
322 1157 506 1239 doxologiam
520 1157 550 1219 in
566 1157 719 1220 Christum
733 1157 889 1220 continent

555 1298 903 1380 Paraphrnsis.

509 1439 581 1523 Osp.
611 1441 699 1503 XIII.
729 1460 777 1502 vv.
812 1441 950 1507 18-21.

233 1550 350 1614 Vestris
365 1547 544 1611 orationibus
558 1566 606 1608 me
623 1548 800 1620 commendo,
825 1555 855 1608 et
876 1547 953 1608 hanc
966 1545 1091 1628 gratiam
1107 1567 1141 1608 eo
1156 1547 1282 1608 securius
1296 1566 1315 1607 a

145 1657 229 1717 vobis
243 1674 335 1737 spero,
351 1657 428 1736 quod
442 1657 520 1716 bbnn
536 1653 709 1716 conscientia
725 1655 845 1734 gaudeo,
861 1671 928 1715 cnm
943 1651 1078 1715 omnibus
1093 1652 1124 1714 in
1138 1654 1225 1714 rebus
1240 1662 1315 1714 recte

145 1763 252 1824 versari
267 1763 408 1824 studeam.
443 1762 479 1822 Et
493 1759 651 1822 instantius
665 1779 720 1822 vos
735 1761 880 1833 adhortor,
904 1767 938 1821 ut
952 1777 1049 1840 preces
1064 1776 1117 1841 pro
1131 1778 1179 1820 me
1192 1758 1315 1833 faciatis,

145 1891 202 1951 quo
217 1867 336 1931 celerius
352 1869 390 1929 ad
405 1887 458 1929 vos
472 1869 600 1928 reducar.
631 1867 712 1928 Deus
727 1875 827 1929 autem
841 1865 922 1948 pacis
937 1873 1044 1939 auctor,
1071 1865 1121 1947 qui
1136 1865 1315 1928 revocavita

145 1975 266 2038 mortuis
288 1973 390 2036 Jesum
416 1971 574 2047 Christum,
606 1973 744 2054 magnum
777 1973 861 2035 illum
896 1980 1041 2054 pastorem
1074 1971 1172 2034 ovium
1196 1971 1227 2033 in
1244 1991 1315 2033 scn-

145 2081 230 2163 guine
244 2081 365 2144 foederis
380 2079 498 2154 aeterni,
522 2079 652 2160 perficiat
676 2099 729 2142 vos
743 2079 774 2141 in
788 2079 867 2142 omni
888 2097 974 2160 opere
996 2081 1072 2141 bono
1093 2080 1131 2140 ad
1153 2077 1314 2140 faciendam

144 2187 325 2250 voluntatem
349 2185 411 2248 eius
434 2196 464 2248 et
488 2185 605 2267 quaesi
629 2194 714 2266 grata
738 2195 814 2259 sunt,
839 2183 947 2248 efficiat
969 2185 1000 2246 in
1025 2185 1130 2246 animis
1145 2183 1249 2246 vestris
1263 2201 1315 2266 per

144 2295 245 2356 Jcsum
262 2291 420 2368 Christum,
436 2292 482 2356 cui
498 2293 537 2355 sit
553 2291 646 2374 gioria
661 2291 691 2354 in
707 2302 865 2354 aeternum.
896 2291 1003 2356 Amen.

613 2477 852 2547 Epilogus.

146 2614 350 2695 Epistolae
365 2611 740 2685 commendationem,
756 2611 1000 2674 visitationis
1015 2611 1313 2693 promissionem,

190 2737 452 2800 salutationes
467 2746 503 2800 et
518 2736 665 2817 gratiae
680 2735 984 2818 apprecationem
999 2735 1267 2816 complectens.

530 2877 603 2959 Gap.
618 2877 706 2942 XIII.
723 2897 770 2944 vv.
786 2879 933 2946 22-25.

234 3006 263 3047 v.
280 2987 334 3052 22.
357 2983 538 3070 Παρακαλῶ
560 2985 592 3048 δὲ
617 2981 706 3070 ὑμᾶς,
731 2984 866 3072 ἀδελφοὶ,
888 2982 1043 3071 ἀνέχεσθε
1067 2993 1120 3050 τοῦ
1144 2981 1237 3065 λόγου
1259 2996 1314 3070 τῆς

147 3095 379 3179 παρακλήσεως·
403 3096 457 3156 οιαὶ
471 3095 530 3177 γὰρ
546 3092 595 3156 διὰ
611 3094 752 3177 βραχέων
774 3089 931 3158 ἐπέστειλα
946 3087 1022 3177 ὑμῖν.
1036 3125 1081 3136 -
1095 3092 1228 3154 Verbum
1244 3089 1314 3156 ἀνέ-

148 3202 263 3284 χεσθαι
285 3200 409 3260 denotet
432 3197 557 3271 sufferre,
579 3215 664 3258 sures
688 3199 834 3278 praebere,
857 3197 886 3258 in
911 3199 1019 3260 bonam
1042 3206 1155 3278 partem
1179 3197 1314 3277 accipere.

146 3303 299 3366 Aculeatis
315 3303 466 3366 sententiis
481 3302 604 3365 subinde
619 3303 757 3366 distincta
768 3311 835 3372 ,erat
849 3301 981 3386 epistola,
995 3303 1059 3366 ideo
1068 3313 1152 3384 rogat
1165 3302 1316 3384 apostolus

147 3412 276 3484 lectores,
292 3410 384 3472 velint
398 3409 429 3472 in
444 3411 553 3472 bonam
566 3419 683 3491 partem
699 3409 826 3492 accipere
847 3410 1059 3474 cohortationes
1080 3430 1150 3474 suus
1170 3410 1313 3472 interdum

146 3515 426 3598 pauloseveriores.
448 3551 491 3564 -
508 3518 602 3598 λόγος
625 3529 680 3604 τῆς
704 3517 929 3604 παρακλήσεως
953 3517 1030 3580 mele
1055 3517 1189 3598 Vulgata
1211 3515 1314 3579 vertit:

144 3625 266 3684 verbum
281 3622 395 3697 solatii;
419 3623 491 3684 haec
515 3621 593 3684 enim
614 3620 784 3703 significabo
807 3624 885 3686 uth
908 3623 928 3689 l.
954 3623 1097 3686 vocabulo
1117 3626 1312 3710 παράκλησις

145 3728 324 3801 subiicietur,
339 3747 397 3790 non
406 3727 551 3809 permittit
558 3728 727 3809 appositum
736 3731 859 3792 verbum
869 3728 1035 3816 ἀνέχεσθε;
1051 3748 1103 3791 nec
1111 3738 1313 3810 argumentum

144 3834 292 3917 epistolae,
308 3834 389 3896 cuius
403 3833 469 3896 finis
485 3834 606 3898 ultimus
621 3843 700 3898 erat:
715 3835 817 3909 fideles
830 3837 869 3898 ad
885 3835 1132 3916 perseverentiam
1147 3835 1177 3898 in
1192 3836 1248 3898 fide
1263 3855 1313 3898 co-

144 3941 450 4029 terramtenus<
471 3943 694 4029 παρακλήσεως
716 3941 816 4022 ireque
830 3941 904 4006 verti
927 3943 1029 4004 debet:
1053 3944 1184 4006 nedum
1203 3943 1313 4006 cohor-

144 4049 270 4112 tationis
285 4066 336 4108 seu
353 4049 586 4121 admonitionis,
600 4057 632 4109 et
645 4049 825 4110 referendum
844 4056 889 4109 est
903 4049 942 4112 ad
956 4057 1051 4112 totam
1066 4047 1230 4129 epistolam,
1244 4066 1313 4130 pro-

146 4155 189 4216 uti
204 4174 241 4215 ex
266 4155 353 4216 verbo
376 4153 524 4235 sequenti:
550 4152 707 4220 ἐπέστειλα
730 4151 797 4240 ὑμῖν
812 4163 902 4235 potet.
920 4191 962 4200 -
979 4154 1091 4218 Paulus
1112 4153 1196 4216 dicit:
1218 4175 1249 4217 se
1264 4157 1314 4220 διὰ

148 4264 288 4346 βραχέων
303 4258 451 4340 scripsisse
465 4268 597 4342 respectu
612 4260 815 4343 mysteriorum
838 4257 886 4345 (ut
900 4271 998 4326 censet
1011 4285 1036 4328 s.
1053 4259 1217 4346 Ihomcs),
1237 4281 1313 4344 quae
1380 4293 1384 4300 ·

143 4365 174 4428 in
190 4365 246 4427 hac
260 4365 384 4448 epistola
399 4365 632 4450 perstringuntur
636 4387 648 4444 ;
669 4387 739 4432 narn
761 4367 790 4430 in
806 4385 842 4430 ea
856 4367 914 4430 fere
928 4367 1026 4432 omnia
1046 4367 1186 4453 mysteria
1207 4370 1313 4434 veteris
