3094 4892
278 339 322 406 50
709 331 834 399 exposa
854 333 873 384 1.
896 331 1009 386 10-12.

365 535 392 576 v.
412 515 460 580 10.
483 509 554 578 Kal·
577 507 619 576 Σὺ
644 509 712 578 κατ’
735 511 846 600 ἀρχὰς,
878 517 971 600 adpre,
994 520 1047 603 τήν
1069 525 1124 602 γήν
1150 513 1378 601 ἐθεμελίωσας,
1402 520 1455 581 οιαὶ

280 623 354 708 ἔργα
369 631 426 688 τῶν
442 629 551 708 χειρῶν
567 641 622 683 ooo
639 615 708 682 εἰσὶν
725 613 752 682 οί
768 614 897 702 οάρανοί.

369 765 397 808 ν.
410 745 459 810 ll.
476 739 582 808 Ἀίιτοί
598 741 791 818 ἀπολοῦνται,
808 743 844 806 σὺ
860 743 893 807 δὲ
909 743 1063 830 διαμένεις·
1078 747 1130 810 καί
1145 749 1254 819 πάντες
1269 743 1313 818 ὡς
1331 741 1452 831 ἱμάτιον

277 853 555 938 παλαιωθήσονται,

376 978 403 1020 v.
423 958 471 1022 12.
487 959 540 1020 καί
555 952 597 1028 ὡς
611 951 728 1040 ἱμάτιον
744 951 850 1030 ἑλίξεις
866 951 983 1032 αὐτοὺς,
1005 961 1057 1022 καὶ
1076 955 1311 1046 ἀλλαγήσονται·
1329 959 1368 1021 σὺ
1385 957 1420 1020 δὲ
1436 957 1451 1022 ὁ

277 1064 367 1138 αὐτὸς
384 1060 419 1138 εί,
435 1064 535 1129 καὶτὰ
550 1059 650 1147 ίτησε
667 1056 723 1125 oda
733 1060 928 1147 ἐκλείψουσιν.
938 1100 975 1108 -
988 1061 1088 1124 Verba
1097 1063 1199 1125 horum
1209 1064 1298 1124 trium
1308 1081 1449 1126 versuum

275 1174 365 1236 citata
386 1179 454 1232 sunt
477 1186 513 1229 ex
529 1167 642 1248 psalmo
658 1163 690 1228 O.
707 1169 848 1240 26-28,
870 1167 899 1229 in
922 1189 980 1252 qno
998 1169 1152 1250 psalmista
1172 1169 1282 1232 luctum
1305 1171 1448 1253 exprimit

274 1283 295 1344 J
297 1283 451 1344 ndaeorum
467 1275 619 1356 Babylone
633 1273 821 1355 captivomm,
837 1273 1000 1356 relatusque
1015 1279 1054 1338 ab
1069 1277 1140 1358 ipsis
1148 1275 1256 1358 gratias
1272 1277 1310 1338 ob
1327 1276 1447 1339 instan-

274 1399 333 1450 tem
349 1385 407 1446 iam
424 1382 587 1444 libertatem
603 1400 638 1442 ac
652 1379 754 1462 templi
771 1379 905 1462 urbisque
920 1381 1204 1464 Hierosolymitanae
1219 1383 1445 1446 restitutionem.

274 1490 360 1562 Quae
375 1491 429 1552 hoc
444 1488 473 1550 in
490 1487 604 1570 psalmo
618 1487 653 1547 de
669 1488 731 1548 Deo
746 1486 886 1562 dicuntur,
901 1487 1052 1568 apostolus
1066 1489 1197 1570 applicat
1219 1489 1256 1550 ad
1274 1486 1444 1566 christum

275 1607 394 1660 streete
410 1593 539 1676 quidem;
556 1611 624 1654 nam
634 1592 790 1673 captivitas
799 1593 1180 1677 babylonicatutobservat
1198 1593 1334 1678 Onlmet)
1351 1597 1445 1677 ligura

275 1713 338 1766 erat
352 1711 447 1764 status
462 1698 611 1764 hominum
634 1707 703 1760 ante
718 1700 877 1760 adventum
893 1699 1026 1774 Messias,
1049 1701 1292 1782 quemadmodum
1313 1703 1445 1764 reductio

272 1832 288 1872 e
303 1808 474 1890 captivitate
489 1804 693 1870 redemtionem
709 1805 830 1866 humani
846 1805 956 1886 generis
971 1803 1114 1869 aChristo
1124 1816 1239 1888 partam
1248 1807 1442 1888 significabat.

274 1914 435 1997 Apostolus
457 1913 487 1974 in
512 1912 558 1974 his
581 1911 710 1974 versibus
729 1911 888 1985 confirmat,
911 1911 988 1992 quod
1010 1911 1066 1973 fine
1087 1932 1115 1974 v.
1138 1913 1168 1978 2.
1190 1911 1291 1994 paucis
1312 1923 1442 1986 notarat,

272 2022 420 2084 Christum
437 2037 540 2098 nempe
556 2037 617 2078 esse
633 2017 732 2080 mundi
748 2018 931 2092 conditorem,
947 2027 981 2080 nt
995 2020 1138 2092 ostendat,
1160 2039 1226 2080 eum
1249 2019 1363 2100 angelis
1378 2041 1441 2082 esse

273 2129 356 2207 longe
372 2123 554 2206 superiorem.
576 2159 611 2168 -
625 2124 681 2185 Pro
695 2120 764 2190 κατ’
781 2122 884 2212 ἀρχάς
899 2122 929 2184 in
945 2131 1029 2185 textu
1040 2123 1120 2184 hebr.
1130 2134 1229 2186 exstat
1243 2127 1350 2232 napp'p
1374 2125 1393 2188 i.
1418 2149 1441 2192 e.

271 2268 368 2331 antea,
383 2256 470 2332 olim;
485 2257 535 2318 sed
551 2255 743 2318 Alexandrini
759 2266 947 2337 respexerunt
961 2257 1000 2318 ad
1015 2275 1162 2364 numa
1186 2255 1273 2342 (Gen.
1288 2260 1312 2319 Ι.
1332 2257 1386 2344 1.),
1411 2269 1440 2320 et

271 2389 398 2454 formula
412 2385 481 2456 κατ’
497 2387 609 2476 ἀρχάς,
631 2408 705 2469 quae
721 2389 794 2450 bene
810 2400 854 2451 est
868 2407 978 2470 graeca,
1001 2388 1076 2452 idem
1092 2391 1180 2463 velet
1202 2393 1279 2472 quod
1295 2389 1327 2457 ἐν
1342 2391 1440 2480 ἀρχή,

269 2498 299 2560 in
315 2496 468 2580 pn'ncipi03
484 2495 573 2557 etiam
590 2492 767 2558 Οίιαάίαιπε
782 2495 922 2576 interpres
937 2495 1078 2576 expressit
1093 2497 1197 2559 verba:
1222 2499 1346 2573 „initia
1365 2519 1439 2564 cam

269 2612 453 2668 maerentia·
468 2621 574 2664 ornnes
589 2607 783 2664 creamuc‘.
801 2637 842 2648 -·
859 2601 973 2663 Nomen
993 2606 1077 2686 abptt
1100 2601 1129 2663 in
1151 2602 1277 2664 carmine
1300 2604 1439 2666 hebraico

268 2712 363 2784 deest3
379 2711 428 2771 sed
445 2705 638 2770 Alexandrini
653 2705 827 2785 repetierunt
849 2705 953 2768 illude
969 2727 996 2768 v.
1015 2709 1042 2774 1.
1066 2717 1095 2768 et
1110 2709 1162 2774 23.
1184 2708 1291 2788 psalmi
1314 2709 1438 2772 laudati.

269 2853 309 2864 --
328 2815 439 2878 Plurali
455 2831 573 2875 numero
589 2808 709 2897 οάρανοί
723 2809 801 2884 dicit,
824 2829 880 2874 non
896 2821 957 2873 tam
979 2815 1018 2876 ad
1040 2832 1189 2876 nnmerum
1206 2813 1437 2895 significandum,

269 2942 358 3004 quarn
384 2919 453 3004 quia
474 2917 649 2981 vocabulum
672 2919 828 2980 hebraeum
857 2918 995 2999 singulari
1017 2939 1134 2983 nomem
1158 2931 1243 2982 caret
1279 2919 1436 2984 Ooelorum

266 3037 365 3090 autem
382 3025 497 3088 nomine
513 3025 596 3086 iuxta
611 3041 719 3087 morem
736 3023 903 3104 Scripturas
917 3025 1175 3106 comprehenditur,
1190 3026 1330 3108 quidquid
1346 3047 1436 3110 supra

270 3153 323 3196 nos
337 3151 499 3213 expansum
515 3140 560 3192 est
581 3132 725 3212 usquead
748 3131 859 3193 extima
882 3131 981 3194 mundi
998 3131 1150 3217 (Eudios).
1168 3169 1208 3180 -
1225 3137 1322 3197 Voces
1337 3132 1434 3208 absol.

270 3247 380 3313 πάντες
395 3249 466 3300 etv.
488 3239 534 3302 12.
557 3233 667 3311 abach:
682 3239 844 3299 referendae
859 3246 927 3300 sunt
949 3239 986 3300 ad
1002 3243 1056 3328 τήν
1071 3251 1126 3329 γῆν
1140 3249 1170 3302 ct
1184 3242 1255 3314 τοὺς
1270 3237 1435 3326 οίνρανοίς;
1519 3323 1520 3326 ¹

265 3346 332 3408 huic
347 3341 575 3426 interpretationi
591 3363 647 3406 non
663 3345 761 3404 obstat
776 3343 969 3424 discrepantia
983 3345 1108 3425 generis;
1123 3348 1243 3408 refertur
1256 3347 1334 3408 enim
1351 3367 1433 3410 mas-

264 3450 391 3514 culinum
407 3452 444 3512 ad
460 3450 592 3530 proprios
614 3459 643 3510 et
657 3449 851 3529 praestantius
872 3470 969 3531 genus,
992 3453 1063 3526 τοὺς
1078 3449 1233 3538 οάρανοίνς,
1255 3473 1308 3516 nec
1329 3463 1431 3516 tamen
1519 3435 1520 3440 ί

263 3559 387 3620 alterum
403 3555 539 3619 excludit.
556 3589 591 3604 -
603 3555 721 3616 Verba:
737 3552 823 3622 absol
833 3555 1026 3633 ἀπολοῦνται,
1042 3563 1151 3633 πάντες
1160 3561 1432 3647 παλαιωθήσονται

263 3673 292 3725 et
307 3663 534 3752 ἀλλαγήσονται
549 3682 606 3723 non
615 3663 651 3723 de
661 3671 752 3724 terrae
762 3661 889 3746 coelique
903 3663 1029 3737 interitu,
1038 3666 1088 3726 sed
1099 3666 1134 3726 de
1143 3664 1303 3728 mutatione
1312 3674 1431 3728 tantum

262 3780 330 3833 sunt
344 3769 541 3850 intelligenda,
557 3769 633 3848 quod
648 3767 706 3829 inm
717 3767 812 3848 ipsum
827 3771 949 3832 verbum
964 3767 1192 3858 ἀλλαγήσονται
1206 3770 1367 3834 clarissime
1382 3772 1431 3834 in-

261 3877 347 3950 dicat,
363 3886 393 3937 et
408 3877 484 3956 quod
500 3874 588 3935 etiam
604 3874 739 3954 analogia
755 3875 862 3938 biblica
876 3878 959 3938 docet
967 3876 1028 3957 (cfr.
1038 3877 1078 3938 Π.
1088 3875 1120 3940 P.
1131 3877 1185 3939 ΠΙ.
1198 3879 1247 3944 12.
1261 3879 1310 3944 13.
1316 3897 1325 3952 ;
1341 3878 1429 3940 Rom.

261 3983 346 4044 VIII.
363 3983 415 4047 20.
433 3983 498 4055 21.;
514 3982 537 4048 Ι,
554 3978 776 4056 001.V11.31.;
792 3982 850 4064 Ap.
862 3982 936 4044 XX.
951 3984 1012 4056 11.;
1023 3981 1113 4044 XXI.
1126 3980 1176 4065 1.).
1186 4019 1229 4030 -
1239 3983 1295 4046 Pro
1310 3981 1429 4060 ἑλίξεις,

260 4088 368 4159 volves,
384 4087 413 4148 in
429 4087 576 4148 nonnullis
591 4087 672 4150 libris
687 4097 716 4148 et
731 4087 853 4168 vulgata
867 4088 971 4168 legitor
985 4087 1124 4163 ἀλάίεις;
1139 4088 1217 4169 prior
1231 4102 1329 4152 tamen
1340 4091 1426 4156 lectio

260 4201 304 4254 est
319 4193 482 4268 retinenda;
498 4203 542 4255 est
557 4193 633 4255 enim
649 4193 792 4254 difficilior
810 4203 840 4253 et
854 4193 1030 4276 exquisitior.
1049 4229 1087 4242 -
1105 4195 1253 4283 διαμένειν
1267 4195 1427 4277 significat:

259 4317 434 4379 permanere,
449 4301 479 4362 in
495 4302 594 4362 eodem
610 4309 689 4360 statu
705 4316 902 4378 perseverate;
922 4309 951 4360 et
966 4301 1113 4386 διαμένεις
1138 4302 1166 4364 h.
1184 4302 1202 4363 1.
1219 4302 1382 4382 explicatur
1397 4322 1424 4362 v.
1518 4349 1519 4372 ,
