3096 4886
562 346 687 420 Exposltic
705 347 737 406 X.
756 343 835 406 6-9.
1216 349 1276 418 161

200 553 229 598 v.
245 537 274 603 6.
291 529 553 621 Ὁλοκαυιιίβοιια
568 537 702 618 καὶπερὶ
717 531 866 620 ἁμαρτίας
881 529 937 598 οὐκ
947 529 1174 619 εδδόκηοας.-
1184 527 1279 599 Ὅλο-

111 648 298 730 καυιιίμοιια
313 638 419 725 (comp.
435 660 472 722 eu
487 638 562 713 ὅλος
577 649 607 700 et
621 643 769 728 καυτιυμα
784 661 804 702 a
819 645 905 715 καίω,
928 638 1077 722 comburo)
1100 649 1170 703 sunt
1190 640 1280 703 sacri-

113 751 187 826 ficia,
202 750 232 812 in
247 749 353 831 quibus
369 757 434 810 tota
456 746 575 808 victima
596 747 781 808 comburitur.
805 781 848 794 -—
864 751 917 812 καὶ
940 751 1007 832 περὶ
1029 746 1186 836 ἁμαρτίας,
1209 769 1281 829 sup-

112 857 251 937 plendum
267 865 326 918 est=
341 859 534 940 προοφοράςς
557 852 729 914 holocausta
744 861 774 914 et
794 854 933 916 sacrificia
948 873 1000 935 pro
1015 857 1139 936 peccatis
1154 855 1208 918 tibi
1224 876 1281 919 non

112 963 291 1043 placuerunt
322 961 456 1040 Vulgata
471 957 618 1039 negligens
633 959 806 1040 particulam
828 965 881 1025 καί
895 970 964 1023 ante
978 965 1046 1046 περὶ
1061 960 1208 1049 ἁμαρτίας
1224 983 1281 1025 non

111 1079 187 1132 reete
201 1069 303 1131 vertit:
319 1067 556 1131 holocautomata
571 1083 623 1146 pro
638 1065 762 1146 peccatis
778 1066 831 1128 tibi
846 1085 904 1128 non
919 1067 1097 1147 placuerunt

201 1196 230 1239 v.
246 1177 275 1242 ί.
292 1172 368 1241 Τότε
383 1171 472 1238 εἷπον·
494 1169 562 1237 ἰδοὺ
576 1171 644 1261 ἥκω
666 1170 710 1252 (ἐν
725 1175 866 1259 κεφαλίδι
889 1175 1005 1257 βιβλίου
1027 1181 1191 1260 γέγραπται
1213 1180 1281 1260 περὶ

114 1281 203 1370 ἐμοῦ)
220 1292 273 1348 τοῦ
288 1294 420 1370 ποιησαι,
436 1277 452 1343 ὁ
469 1277 553 1352 Θεὸς,
573 1283 608 1342 τὸ
624 1281 752 1364 θέλημά
776 1301 840 1343 σου.
866 1315 906 1326 -
931 1281 1063 1342 Verbum
1085 1282 1151 1370 ἥκω
1174 1281 1283 1346 indicat

114 1389 298 1452 alacritatem
321 1385 469 1450 voluntati
493 1385 608 1447 divinae
632 1385 861 1466 obtemperandi.
891 1421 933 1432 -
957 1391 990 1452 ιδ
1018 1391 1141 1471 βίβλιον,
1166 1391 1202 1452 de
1225 1409 1283 1471 qno

115 1496 277 1559 Psalmista
298 1493 434 1575 loquitur,
456 1499 501 1554 est
522 1490 595 1552 liber
616 1490 697 1572 legis,
719 1491 949 1566 Pentateuohus3
978 1513 1047 1554 nam
1069 1515 1134 1556 cum
1155 1496 1284 1561 Davides

114 1602 262 1685 psalmum
277 1601 346 1664 XL.
362 1607 486 1674 caneret,
501 1599 591 1660 codex
606 1598 807 1660 Hebraeorum
822 1616 902 1660 sacer
922 1608 985 1660 erat
1000 1600 1224 1665 Pentateuchus.
1240 1637 1282 1649 -

115 1711 245 1798 κεφαλίς
260 1707 392 1788 designat
400 1704 514 1787 proprie
523 1703 709 1785 capitellum3
733 1706 862 1792 κεφαλίς
885 1707 1003 1789 βιβλίου
1018 1715 1064 1768 eat
1078 1709 1167 1774 Hebr.
1187 1712 1282 1802 pipp

115 1855 202 1930 app,
227 1853 286 1914 qua
311 1829 436 1893 formula
464 1829 654 1910 significatur:
683 1829 820 1890 volumen
847 1829 929 1908 libri;
959 1831 1171 1894 convolvebant
1206 1807 1284 1894 enim

118 1967 230 2020 veteres
254 1955 344 2019 libros
365 1955 440 2017 circa
462 1951 599 2015 baculum
621 1952 651 2014 in
672 1951 784 2015 cilindri
803 1953 941 2016 sormam:
965 1952 996 2019 ἐν
1012 1957 1151 2042 κεφαλίδι
1167 1959 1284 2041 βιβλίου

120 2065 199 2128 idem
223 2063 311 2135 valet,
337 2063 413 2144 quod
429 2059 459 2127 ἐν
483 2063 597 2144 βιβλίῳ.
616 2095 654 2107 -
672 2055 869 2122 Alexandrini
897 2062 935 2122 ad
957 2081 1056 2124 vocem
1073 2065 1169 2157 nm
1186 2064 1285 2145 expri-

118 2190 257 2251 mendam
273 2185 442 2248 adhibuisse
456 2183 595 2246 videntur
617 2203 721 2246 nomen
744 2187 873 2271 κεφαλίς
891 2195 1009 2265 propter
1033 2161 1170 2267 capitella
1186 2188 1215 2250 in
1231 2209 1285 2252 ex-

116 2294 313 2358 tremitatibus
336 2290 517 2354 voluminum
542 2290 709 2372 conspicua3
734 2289 843 2352 scilicet
864 2291 985 2366 baculis,
1007 2293 1081 2355 circa
1105 2315 1177 2376 quos
1192 2316 1286 2358 mem-

118 2405 228 2466 branae
243 2399 499 2471 convolvebantur,
515 2397 544 2458 in
560 2406 682 2478 utraque
698 2406 781 2479 parte
791 2407 922 2459 extrema
931 2399 1032 2460 addita
1048 2410 1132 2463 erant
1141 2402 1287 2484 capitella,

118 2529 194 2592 quae
208 2506 359 2569 volumina
374 2504 636 2586 supereminebant.
652 2540 696 2552 —
710 2484 827 2566 Verba:
843 2511 1007 2590 γέγραπται
1023 2512 1089 2591 περὶ
1105 2506 1179 2594 ἐμοῦ
1202 2529 1287 2570 sensu

118 2613 235 2687 literali,
251 2633 309 2695 quo
318 2614 356 2674 ad
366 2611 511 2674 Davidem
520 2611 667 2672 referenda
676 2619 752 2684 sunt,
767 2611 847 2673 reddi
857 2613 976 2673 debent:
992 2613 1064 2674 mihi
1081 2613 1287 2694 praescriptum

120 2731 177 2796 est;
193 2730 222 2782 et
237 2721 392 2783 cohaerent
407 2735 473 2780 cum
488 2717 687 2799 sequentibus:
705 2727 757 2782 τοῦ
767 2729 898 2806 ποιῆσαι,
914 2715 1026 2795 ὁΘεὸς,
1037 2725 1070 2784 τὸ
1086 2723 1215 2808 θέλημά
1224 2744 1287 2785 σου.

119 2828 250 2892 Davides
266 2825 321 2888 sihi
336 2827 367 2887 in
382 2825 457 2887 libro
472 2823 544 2904 legis
559 2825 614 2886 hoe
629 2825 840 2906 praescriptum
855 2846 917 2887 esse
927 2827 1084 2906 profitetur,
1101 2837 1133 2888 ut
1148 2849 1179 2888 se
1195 2837 1289 2889 totum

120 2938 183 2998 Deo
199 2932 350 3006 addiceret,
366 2931 484 3012 eiusque
498 2919 644 2993 voluntati
654 2931 750 3013 potius
760 2931 896 3006 obediret,
912 2952 1001 3014 quam
1011 2933 1150 2996 sacrificia
1159 2933 1290 2997 Levitico

123 3042 245 3104 offerret.
276 3038 308 3103 Si
324 3048 423 3100 autem
436 3038 543 3100 verba:
568 3036 599 3104 ἐν
614 3039 754 3126 κεφαλίδι
770 3041 887 3123 βιβλίου
902 3045 1066 3124 γέγραπται
1081 3044 1147 3127 περὶ
1163 3039 1237 3127 ἐμοῦ
1252 3041 1290 3102 ad

122 3146 456 3219 cenomanensem,
472 3143 615 3207 iudicant:
637 3145 668 3206 in
691 3145 764 3207 libro
787 3145 859 3226 legis
880 3147 916 3207 de
938 3166 972 3208 eo
987 3147 1126 3228 scriptum
1142 3149 1189 3209 vel
1204 3165 1291 3228 prae-

121 3254 230 3317 dictum
255 3272 325 3327 esse,
348 3263 378 3314 et
400 3251 597 3333 parenthetioe
620 3261 688 3313 sunt
708 3251 898 3328 includenda3
928 3253 1079 3334 sequeutia
1101 3263 1213 3317 autem:
1238 3262 1291 3320 τοῦ

122 3374 255 3451 ποιῆσαι,
272 3355 288 3424 ὁ
305 3358 388 3435 Θεὸς,
405 3364 439 3426 τὸ
455 3361 583 3448 θέλημά
600 3382 654 3423 σου
670 3359 810 3421 nectenda
819 3367 894 3444 sunt
896 3379 962 3422 cum
977 3361 1065 3423 verbo
1075 3361 1151 3450 ἥκω,
1166 3369 1201 3423 ut
1215 3382 1242 3428 v,
1253 3364 1292 3435 9.,

123 3467 175 3531 ubi
189 3467 339 3550 apostolos
353 3467 407 3528 illa
422 3469 521 3540 verba,
544 3475 646 3547 utpote
669 3465 844 3528 sententiam
869 3467 1069 3530 secundariam
1092 3479 1121 3530 et
1144 3469 1292 3541 insertam,

123 3573 240 3657 penitus
255 3572 372 3635 omittit.
403 3571 539 3635 Continet
561 3571 649 3653 igitur
672 3592 700 3636 v.
717 3573 746 3639 7.
769 3592 855 3635 sensu
871 3574 993 3656 mystico
1008 3574 1184 3637 sententiam
1199 3577 1293 3636 hanc:

124 3679 248 3753 declaro,
264 3698 311 3740 me
327 3677 417 3764 (utin
435 3679 510 3742 libro
526 3677 597 3759 legis
613 3680 648 3740 de
663 3699 710 3740 me
725 3679 905 3760 praedictum
915 3679 1033 3766 legitur)
1050 3691 1218 3762 promptum
1234 3699 1295 3742 esse

125 3798 156 3850 et
170 3795 308 3870 paratum
323 3787 361 3847 ad
376 3795 437 3858 tua,
453 3806 471 3848 o
487 3787 575 3859 Deus,
590 3787 731 3848 mandata
746 3788 938 3867 exsequenda.

104 3951 108 3958 .
217 3912 245 3954 v.
262 3894 291 3960 8.
308 3888 477 3980 Ἀνὼτερον
493 3893 599 3974 λέγων·
617 3887 689 3958 Ὅτι
711 3895 821 3966 θυσίας
837 3897 889 3959 καί
905 3897 1079 3980 προςφοράς
1094 3896 1146 3959 καί
1162 3891 1296 3960 ὁλοκαυ-

127 4005 253 4088 τώματα
268 4003 321 4064 καί
336 4003 402 4085 περὶ
418 3997 565 4086 ἁμαρτίας
582 3996 819 4088 οὐκήδέληοας,
837 3996 905 4064 ουδὲ
916 3997 1091 4086 εὐδόκησας,
1102 3999 1208 4075 αἵτινες
1217 4003 1298 4066 κατὰ

126 4114 177 4175 τὸν
193 4113 282 4193 νόμον
297 4113 525 4194 προςφὲρονιαι,

218 4234 246 4280 v.
262 4216 291 4280 9.
307 4219 373 4279 τότε
388 4213 513 4300 εἴρηκεν·
535 4210 600 4278 ίδοὺ
616 4213 683 4304 ἥκω
699 4223 751 4280 τοῦ
766 4224 889 4302 ποιῆσαι
905 4219 938 4278 τὸ
955 4213 1082 4300 θέλημά
1098 4233 1162 4278 σου·
1185 4212 1299 4300 ἀναιρεῖ

129 4319 422 4407 coapostatae
439 4323 574 4406 δευτερον
591 4327 696 4409 στήσῃ.
716 4357 754 4368 -
772 4319 994 4383 Commentatur
1014 4341 1089 4385 nunc
1104 4321 1300 4404 apostolocin

130 4431 229 4494 locum
244 4427 352 4510 psalmi
367 4446 396 4493 r.
411 4428 507 4495 5-7.
523 4428 649 4490 allatum
664 4427 715 4504 ita,
739 4436 773 4490 nt
796 4446 834 4492 ex
857 4429 954 4492 verbis
969 4427 1095 4492 Messiae
1119 4429 1243 4492 breviter
1252 4447 1301 4493 re-

185 4532 286 4587 um,
299 4535 465 4575 omme-nu.
1109 4515 1140 4568 ll
