3064 4894
545 307 736 376 sponsari.
756 304 867 358 ra-ru.
1226 307 1288 376 109

119 490 170 550 sed
186 489 283 570 potius
298 489 455 570 generatim
472 508 569 550 omnes
584 486 708 552 maiores
730 496 799 550 sunt
812 485 1001 568 intelligendi,
1022 485 1072 567 qni
1094 484 1199 548 divinis
1220 503 1289 567 pro-

119 595 214 657 missis
229 595 426 658 indubitanter
440 597 594 668 oredeutes,
617 595 721 656 eadem
743 593 887 676 patienter
901 602 1112 674 exspectantes,
1136 612 1171 653 ea
1187 611 1289 654 conse-

118 701 177 764 cuti
193 711 261 764 sunt
276 712 306 764 et
320 711 541 784 consequuntur.

207 863 234 909 v.
254 845 303 910 13.
319 841 370 930 Τῷ
385 847 444 930 γὰρ
460 839 608 930 Ἀβραὰμ
622 841 876 929 ἐπαγγειλάμενος
892 839 909 907 ὁ
926 840 1011 916 Θεός,
1026 840 1090 908 ἐπεὶ
1113 837 1182 908 κατ’
1202 838 1288 908 odda·

118 953 170 1024 νὸς
186 947 249 1036 εἶχε
265 955 400 1037 μείζονος
422 947 539 1037 ὀμόσαι,
562 948 663 1036 ὤμοσε
687 945 763 1014 καθ’
786 946 903 1022 ἑαυτοῦ,
926 983 970 1002 ψ·-
993 947 1191 1012 Emaioribus
1213 969 1289 1011 nunc

119 1057 271 1137 apostolus
285 1055 401 1119 unicum
417 1057 641 1120 Abrotonum
656 1055 759 1117 laudat
773 1055 953 1129 nominatim,
979 1065 1041 1118 tum
1064 1057 1202 1136 quonism
1218 1054 1288 1137 plu-

116 1162 224 1224 rimum
238 1163 360 1224 valebat
374 1163 452 1243 apud
467 1163 596 1226 Judaeos
610 1163 671 1224 eius
686 1161 850 1235 auctoritas,
866 1169 930 1224 tum
939 1163 1077 1244 quoniam
1093 1161 1283 1224 Abrahamus

117 1269 230 1350 primns
245 1277 395 1350 acceperat
409 1268 627 1350 promissionem
642 1267 789 1330 felicitatis
803 1287 935 1330 summae
950 1287 1002 1351 per
1017 1268 1155 1330 Messinm
1179 1289 1216 1331 ex
1230 1288 1285 1349 po·

120 1376 206 1436 steris
222 1375 283 1438 eius
298 1375 450 1438 oriundum
465 1375 647 1440 obtinendae.
662 1409 705 1420 -
721 1373 822 1461 ὤμοσε
843 1371 920 1440 καθ’
943 1372 1067 1451 {norom
1089 1375 1221 1439 homines
1238 1393 1289 1456 per

118 1481 216 1544 Deum
232 1481 326 1544 iurare
341 1482 452 1557 solent3
467 1483 548 1544 Dens
561 1498 629 1543 vero
644 1479 804 1545 altissimus
826 1499 892 1544 curn
915 1499 967 1562 per
988 1481 1172 1544 excelsiorem
1193 1482 1288 1544 iurare

118 1607 176 1650 non
194 1597 299 1669 potest,
315 1588 365 1650 ubi
380 1588 420 1650 rei
445 1588 568 1652 alicuius
589 1586 742 1649 veritatem
767 1607 802 1651 ac
822 1586 993 1650 tinnitatem
1015 1587 1214 1650 declaraturus
1235 1598 1289 1662 est,

118 1711 170 1776 per
185 1693 373 1776 semetipsum
388 1695 473 1758 iurat.
504 1693 537 1758 Si
552 1703 651 1756 antem
666 1695 746 1756 Deus
761 1693 791 1756 iu
806 1694 911 1756 litteris
930 1715 967 1758 ss
990 1694 1100 1756 iurasse
1121 1694 1233 1768 dicitnr,
1255 1713 1289 1757 eo

119 1801 183 1883 ipso
198 1800 336 1875 innuitur,
352 1821 418 1864 eum
441 1821 503 1864 csse
524 1799 695 1864 mutationis
717 1809 747 1862 et
761 1799 956 1882 poenitentiae
971 1809 1130 1881 expertem,
1146 1799 1289 1863 indicatur

118 1907 317 1990 promissionis
331 1907 441 1971 reritm
455 1917 486 1970 et
500 1908 631 1973 firmitas.
661 1909 743 1970 Inest
763 1925 829 1989 ergo
843 1906 953 1969 verbis:
972 1905 1073 1993 ὤμοσε
1087 1903 1164 1971 καθ’
1180 1902 1288 1972 ἑαυτοῦ

116 2013 262 2076 sententia
276 1990 364 2078 hado:
380 2015 434 2077 Dei
450 2013 601 2096 promissio
616 2023 678 2076 taur
693 2023 772 2077 certa
787 2024 833 2077 est
846 2024 877 2076 at
891 2015 985 2087 firmo,
1010 2031 1045 2076 ac
1059 2011 1083 2074 si
1100 2031 1166 2074 eam
1179 2011 1288 2075 iureiu-

116 2121 209 2184 rando
223 2121 429 2184 confirmasset.
460 2119 626 2203 Respicitur
641 2120 721 2183 locus
735 2115 842 2186 (lenes.
857 2118 964 2182 XXII.
989 2121 1039 2187 16.
1059 2121 1108 2186 lt.
1126 2120 1186 2195 18,
1207 2118 1288 2182 cuius

117 2228 209 2288 verba
223 2245 308 2290 vorsu
324 2247 384 2309 seq.
399 2228 566 2302 afferuntur,
590 2247 665 2310 quae
687 2225 764 2289 enim
787 2226 827 2288 ibi
850 2235 1026 2290 memoratur
1041 2225 1201 2308 promissio,
1222 2243 1287 2289 mm

116 2331 299 2396 iureiurando
314 2333 465 2397 coniuncta
480 2344 550 2402 erat.

205 2494 233 2540 v.
252 2475 303 2542 14.
319 2479 424 2560 λέγων·
447 2473 484 2539 Εἰ
500 2481 559 2566 μὴν
574 2471 706 2559 εὐλογῶν
722 2471 879 2562 εὐλογήσω
895 2497 937 2548 σε,
953 2478 1006 2541 καὶ
1022 2476 1188 2562 πληθὺνων
1204 2476 1286 2564 πλη-

116 2584 203 2647 θυνῶ
219 2604 262 2646 σε.
278 2618 320 2628 -
337 2583 431 2644 Locus
447 2583 502 2644 hoc
516 2583 545 2644 in
555 2599 640 2644 versu
655 2580 755 2648 eGen.
767 2579 886 2666 (XXll.
901 2580 964 2664 17.)
974 2581 1081 2644 citatus
1090 2581 1175 2644 iuxta
1183 2579 1287 2644 LXX.

116 2696 217 2750 sonat:
242 2686 263 2776 ἡ
287 2692 345 2777 μὴν
361 2685 493 2772 εὐλογῶν
502 2683 659 2778 εὐλογήσω
669 2713 703 2754 σε
712 2693 764 2756 καὶ
779 2691 945 2776 πληθὺνων
954 2691 1104 2776 πληθυνῶ
1119 2693 1289 2776 τὸεπέρμα

117 2803 181 2859 σοῦ.
199 2827 241 2840 -
257 2793 370 2857 Auctor·
392 2795 532 2878 epistolae
554 2795 641 2857 huius
667 2795 788 2876 loquens
810 2804 926 2857 tautum
947 2796 983 2856 dc
1003 2813 1128 2876 persona
1148 2795 1290 2858 Abrahae

117 2899 215 2962 verbis
230 2905 263 2965 τὸ
280 2906 399 2988 σπέρμα
414 2911 469 2967 σοῦ
484 2901 653 2983 simpliciter
667 2901 819 2964 substituit
835 2925 876 2967 σε.
907 2901 985 2964 Loco
1008 2901 1161 2964 verborum
1185 2900 1205 2990 ἦ
1222 2908 1290 2989 μήν,

120 3023 196 3086 quae
211 3014 312 3068 textus
335 3017 465 3088 receptus
487 3028 552 3069 curu
575 3007 677 3078 LXX,
700 3009 799 3082 habet,
821 3009 1011 3072 Lachmann
1034 3015 1064 3068 et
1086 3007 1295 3091 llarlcadors

117 3109 232 3191 legunt:
250 3109 274 3176 al
291 3119 357 3200 μήν,
382 3123 411 3174 et
426 3115 498 3177 haec
513 3114 609 3187 lectio,
629 3135 704 3196 quae
726 3113 851 3196 genuina
873 3113 997 3177 auctoris
1019 3113 1124 3176 locutio
1148 3115 1290 3176 censenda

117 3227 170 3292 est,
185 3227 251 3281 orta
266 3239 329 3280 esse
345 3219 458 3281 videtur
473 3241 510 3282 ex
526 3221 716 3302 permixtione
739 3221 876 3284 classicae
900 3219 1043 3283 formulae
1065 3219 1180 3284 iurandi
1195 3219 1216 3310 ἦ
1232 3227 1290 3308 μήν

118 3343 183 3384 curn
200 3323 338 3387 hebraica
363 3321 388 3390 si
411 3333 453 3416 μή
474 3325 535 3410 (pib'
549 3324 624 3412 025).
670 3327 805 3408 Vulgata
819 3335 933 3388 vertens
957 3329 1062 3403 ,nied
1080 3324 1104 3391 ai
1125 3334 1167 3417 ll
1190 3327 1292 3408 legisse

117 3427 242 3501 videtur,
258 3439 355 3492 stante
371 3432 426 3494 hac
440 3432 561 3495 lectione
577 3429 602 3498 cl
619 3441 660 3524 μή
676 3433 810 3515 epodosis
826 3435 970 3516 quaedam
980 3433 1144 3516 supplenda
1159 3443 1212 3508 est,
1229 3453 1256 3496 v.
1268 3455 1290 3499 o.

118 3555 196 3610 ,non
212 3553 260 3598 ero
275 3535 421 3602 Jehova‘.

209 3695 238 3738 v.
257 3675 307 3743 15.
330 3675 394 3744 Kal
417 3676 496 3746 circo
528 3683 773 3771 μακροθυμήσας
796 3680 923 3768 ἐπέτυχε
953 3695 1006 3772 τῆς
1038 3681 1227 3765 ἐπαγγελίας.
1249 3716 1292 3727 -

116 3780 221 3844 Verba
236 3782 322 3845 huius
337 3802 438 3847 versus
462 3782 567 3846 adiecit
588 3785 748 3866 apostolus,
771 3794 805 3848 ut
826 3786 947 3850 lectores
968 3785 1133 3848 Abrahami
1157 3785 1292 3866 exemplo

117 3888 260 3950 admoniti
285 3891 407 3952 eandem
431 3899 615 3971 praestarent
640 3891 828 3972 patientiam
860 3891 943 3973 quasi
969 3891 1089 3956 diceret:
1112 3894 1161 3954 Ita
1184 3900 1215 3952 et
1239 3911 1292 3953 vos

117 3994 252 4076 exemplo
268 3996 360 4076 patris
375 3996 525 4070 Abrahae,
548 3996 573 4060 si
595 3997 740 4078 patienter
763 3997 936 4079 exspectetis
958 4019 1010 4061 uec
1033 3999 1131 4060 auimo
1153 3997 1293 4060 deficiatis

117 4097 146 4160 in
162 4100 376 4175 afflictionibus,
392 4103 535 4181 promissa
551 4106 627 4166 bona
642 4104 862 4187 consequemini.
896 4101 983 4171 Otto
1001 4106 1179 4166 referendum
1196 4113 1240 4166 est
1255 4105 1293 4166 ad

118 4202 269 4294 ἐπέτυχεν.
287 4243 327 4254 -
344 4207 401 4269 Per
416 4207 604 4292 ἐπαγγελίαν,
620 4229 708 4292 quarn
726 4211 881 4273 Abraham
899 4211 928 4280 h,
945 4209 964 4273 l.
976 4211 1101 4292 adeptus
1110 4231 1171 4272 esse
1181 4210 1294 4285 dicitur,

118 4313 249 4394 proxime
264 4312 453 4396 intelligenda
475 4325 520 4377 est
542 4335 695 4380 numerosa
716 4316 879 4400 posteritas,
903 4337 978 4400 quae
1001 4317 1057 4400 ipsi
1078 4317 1107 4380 in
1130 4317 1294 4404 proemium
