3064 4894
558 354 684 421 expenso
701 353 749 406 vr.
771 351 812 410 ιε,
833 349 875 405 ιε.
1236 347 1297 420 11‘1

131 533 248 616 gravim
278 553 367 616 quam
397 533 520 616 simplici
542 532 730 615 promissione
751 533 900 596 ostendere
921 531 1022 595 voluit
1049 569 1088 579 -
1113 536 1299 620 κληρόνσμοι

131 653 187 731 τῆς
209 641 399 725 ἐπαγγελίας,
416 639 446 716 ii,
461 643 499 702 ad
515 660 586 720 quos
601 639 752 736 promissio
773 639 906 721 pertinet,
923 648 992 702 sunt
1006 639 1153 702 christiani
1176 641 1230 704 hoc
1245 660 1298 702 no-

132 747 210 809 mine
226 747 303 828 digni
319 746 403 832 (ntr.
417 748 475 821 18.,
491 747 540 828 qui
549 766 615 809 cnm
625 748 679 809 hoc
687 756 820 810 accurate
829 747 971 819 cohaeret,
981 755 1028 807 sat
1037 745 1183 808 evidenter
1193 741 1298 832 docet).

132 891 171 901 -
193 857 290 943 βουλή
312 863 357 917 est
378 853 526 928 voluntas,
542 851 693 916 consilinm
714 871 765 934 per
787 873 885 915 semen
906 852 1057 925 Abrahae,
1078 870 1130 933 per
1150 852 1299 927 Messium,

134 980 236 1024 omnes
251 961 383 1022 homines
399 960 511 1027 beandi.
538 997 581 1006 -
596 961 631 1022 In
654 959 827 1042 explicanda
848 959 988 1021 formula:
1012 957 1195 1047 ἐμεσίτευσεν
1216 956 1298 1046 ὅρκῳ

130 1067 317 1130 diversissimi
333 1076 402 1130 sunt
417 1067 601 1148 interpretes;
617 1065 657 1130 sic
672 1087 717 1128 ex.
727 1084 768 1147 gr.
783 1065 916 1148 Vulgata
926 1086 991 1128 eam
1008 1065 1111 1128 vertit:
1127 1065 1300 1148 interposuit

133 1174 349 1248 iusiurandum
365 1172 457 1235 versio
467 1173 589 1254 syriaca:
607 1173 762 1236 obstrinxit
771 1192 802 1234 se
817 1171 1014 1248 iureiurando;
1029 1171 1080 1235 alii
1095 1175 1133 1235 ad
1148 1171 1298 1262 ἐμεσίτευ-

132 1305 182 1348 σεν
197 1280 335 1362 supplent
349 1275 441 1368 αὐτήν
463 1279 524 1343 scil.
540 1281 662 1369 βουλήν,
684 1289 715 1342 et
738 1281 829 1341 verba
850 1288 980 1342 vertunt:
1003 1279 1102 1342 sanxit
1117 1279 1298 1342 voluntatem

129 1389 292 1450 iuramento
306 1385 491 1467 interposito;
507 1384 557 1447 alii
574 1387 730 1448 mediatore
746 1406 816 1447 usus
831 1397 875 1447 est
891 1385 1073 1462 iuramento;
1098 1387 1148 1448 sed
1165 1389 1299 1474 psctcsb·

129 1519 181 1570 ειν,
196 1496 318 1556 verbnm
340 1491 420 1568 ἅπαξ
446 1494 617 1579 λεγόμενον,
637 1491 715 1574 quod
737 1491 851 1574 proprie
873 1501 970 1555 notat:
996 1493 1122 1554 medium
1142 1481 1219 1555 inter
1242 1493 1299 1556 dno

130 1621 203 1676 esse,
218 1601 284 1663 dein
299 1600 489 1664 mediatorem
504 1618 597 1680 agere,
613 1600 642 1661 b.
658 1599 677 1661 l.
693 1597 854 1680 significat:
877 1617 1043 1680 sponsorem
1065 1619 1135 1672 esse,
1150 1599 1299 1680 spondere,

128 1727 195 1772 cunr
211 1706 299 1770 etiam
315 1723 438 1788 sponsor
447 1706 613 1768 mediatoris
623 1714 720 1788 partes
731 1715 800 1786 agat
809 1705 883 1767 inter
892 1707 964 1767 duas
975 1714 1087 1786 partes;
1102 1704 1145 1767 ita
1161 1714 1195 1767 ut
1209 1707 1299 1767 verba

128 1815 273 1878 reddenda
289 1805 362 1876 sint:
379 1811 575 1894 promissionis
589 1811 743 1874 veritatem
758 1811 914 1894 spopondit
928 1808 1119 1877 iureiurairdo.

216 1958 244 2003 v.
263 1939 311 2005 18.
324 1935 375 2004 ἵνα
389 1937 439 2002 διὰ
454 1939 508 2003 dbo
524 1942 707 2024 πραγμάτων
723 1936 927 2026 ἀμεταθέτων,
950 1933 982 2001 ἐν
999 1933 1043 2009 οἷς
1059 1934 1205 2002 ἀδύνατον
1221 1939 1292 2023 deb-

127 2048 245 2110 caudat
260 2042 344 2120 Θεὸν,
358 2042 487 2130 ἰσχυρὰν
502 2045 693 2130 παράκλησιν
714 2043 833 2130 ἔχωμεν
850 2037 878 2106 οἱ
892 2041 1124 2129 aucupa-roura,
1148 2055 1296 2132 κρατῆσαι

126 2163 182 2240 τῆς
190 2156 390 2238 προκειμένης
399 2148 574 2224 ἐλπίδος,-
583 2148 731 2212 Particnla
737 2146 787 2216 ἵνα
795 2158 828 2210 ut
836 2167 923 2230 saepe
931 2147 1006 2210 alias
1016 2148 1165 2212 consilium
1175 2148 1297 2215 indicate

126 2267 210 2338 urget
224 2257 301 2318 enim
317 2255 476 2338 apostolus,
491 2276 566 2338 quae
590 2257 625 2318 de
647 2255 830 2320 iureiurando
854 2255 975 2318 dixerat
992 2291 1036 2302 -
1052 2257 1105 2322 δὸσ
1126 2264 1171 2317 est
1193 2255 1297 2338 genit3

125 2383 196 2427 nam
212 2365 241 2426 in
257 2364 295 2426 N.
312 2364 346 2428 T.
362 2364 417 2428 lroc
431 2365 553 2424 verbnm
569 2381 620 2445 pro
635 2363 691 2426 boc
712 2383 781 2426 casu
805 2381 864 2444 qna
887 2361 1092 2426 indeclinabile
1115 2352 1295 2446 tractaturi)

125 2505 170 2518 -
185 2473 246 2536 dbo·
262 2475 426 2556 πράγματα
450 2468 627 2556 &perdiderat
651 2479 719 2532 sunt
741 2468 892 2550 pmmissio
915 2467 1016 2532 divina
1039 2478 1069 2529 et
1092 2468 1294 2532 iuramentum.

124 2577 214 2640 Fides
227 2577 344 2658 quidem
360 2585 459 2640 nostra
474 2575 533 2638 iam
548 2575 578 2638 in
593 2595 624 2638 se
639 2585 668 2638 et
682 2578 793 2656 absque
808 2557 1212 2640 iun·iurand01)eiimmobili
1227 2576 1295 2638 fun-

129 2685 266 2748 damento
281 2683 389 2746 insistit
394 2704 403 2760 ;
417 2683 478 2746 scil.
493 2684 582 2746 verbo
597 2682 694 2746 divino
709 2683 810 2745 fallere
825 2682 926 2746 nescio.
952 2681 993 2744 Ut
1001 2691 1099 2744 autem
1110 2690 1208 2744 nostra
1222 2702 1296 2765 quo-

127 2811 184 2873 qne
200 2789 348 2872 persuasio
363 2791 399 2852 de
414 2788 537 2852 veritate
561 2799 591 2852 et
613 2789 786 2852 certitudine
807 2788 911 2852 obiecti
926 2788 992 2852 fidei
1009 2799 1123 2852 nostrae
1138 2788 1296 2852 immobilis

128 2907 158 2960 et
173 2896 309 2960 absolute
324 2897 408 2958 firma
423 2898 597 2970 redderetur,
616 2897 697 2958 Deus
720 2895 942 2976 benignissimus
966 2896 1112 2958 hnmanae
1134 2895 1295 2960 infirmitati

129 3024 162 3066 se
177 3004 367 3066 accomodans
382 3011 412 3064 et
426 3022 492 3089 curn
507 3001 674 3064 bominibus
689 3003 818 3065 hnmano
833 3021 911 3066 ruore
926 3022 1023 3083 agens,
1046 3021 1103 3064 non
1125 3001 1297 3084 dedignatus

132 3120 178 3172 est
192 3111 313 3172 verbum
330 3129 414 3172 snum
425 3109 559 3172 absolute
568 3110 684 3172 firmum
694 3107 877 3172 iureiurando
886 3110 1062 3184 confirmare,
1083 3118 1116 3172 nt
1124 3110 1296 3172 confidentia

129 3225 229 3280 nostra
244 3215 352 3298 duplici
362 3218 551 3278 fundamento
560 3215 695 3278 absolute
710 3217 792 3278 firmo
801 3225 1019 3290 sustentaretur,
1034 3215 1095 3282 scil.
1105 3215 1293 3298 promissione

127 3322 233 3386 salutis
249 3331 279 3385 et
293 3322 475 3386 iureiurando
489 3321 557 3384 hnic
572 3321 752 3402 promissioni
767 3322 873 3387 addito.
898 3359 927 3370 -
959 3325 1155 3410 παράκλησις
1176 3325 1295 3388 denotat

130 3428 264 3510 proprie:
287 3428 514 3504 advocationem,
539 3427 604 3490 dein
625 3428 866 3502 exhortationem,
888 3428 1122 3504 consolationem,
1147 3429 1299 3504 solatium;

133 3537 161 3598 h.
176 3536 193 3598 l.
205 3534 375 3616 significatio
385 3535 624 3598 ultimateuenda
639 3544 691 3598 est.
702 3573 741 3584 -
755 3549 905 3626 κρατῆσαι
914 3535 1057 3618 significat
1066 3538 1095 3600 h.
1105 3537 1124 3601 l.
1135 3536 1297 3600 firmissime

131 3631 279 3722 amplecti,
301 3641 429 3710 retinere.
455 3679 487 3688 —
519 3639 604 3717 ἐλπίς
627 3642 655 3704 h.
679 3642 697 3703 l.
714 3643 882 3724 postulante
904 3662 931 3706 v.
958 3645 1006 3710 19.
1030 3664 1115 3706 sensu
1137 3643 1297 3707 subiectivo

128 3749 270 3810 sumenda
285 3755 337 3821 est,
353 3768 411 3810 non
426 3757 525 3810 autem
541 3768 627 3810 sensu
641 3747 784 3812 obiectivo
807 3767 872 3830 pro:
895 3766 940 3812 res
961 3758 1094 3830 sperata3
1117 3746 1201 3816 ἐλπίς
1226 3751 1298 3810 haec

126 3854 231 3918 dicitnr
245 3861 438 3942 προκειμένη,
454 3854 523 3936 quia
539 3854 673 3918 omnibus
687 3855 717 3918 iu
734 3855 885 3936 Baptismo
901 3856 959 3918 iam
977 3855 1143 3929 infunditur,
1159 3856 1218 3918 iam
1228 3864 1298 3916 tan-

126 3980 216 4041 quam
232 3962 340 4022 bonum
356 3961 590 4024 communicatur.

216 4103 243 4145 v.
264 4087 312 4151 19.
327 4086 364 4174 ἣν
380 4083 423 4159 ὡς
438 4084 573 4170 ἄγκυραν
588 4085 701 4174 ἔχομεν
716 4099 771 4176 τῆς
794 4092 894 4176 ψυχῆς
910 4085 1037 4174 ἀσφαλῆ
1059 4111 1090 4153 τε
1106 4091 1158 4154 καὶ
1174 4089 1295 4171 βεβαίαν

222 4295 243 4358 ¹)
262 4295 312 4345 cfr.
339 4295 424 4346 Wiener
442 4299 552 4348 Gramm.
573 4298 641 4348 And.
660 4295 694 4357 7.,
713 4296 749 4354 St.
768 4294 826 4357 63.;
845 4296 988 4348 Buttmann
1002 4298 1112 4348 Granum.
1130 4298 1173 4350 des
1191 4304 1297 4356 nonest

126 4381 289 4450 Spracbgabr.
310 4382 347 4433 St.
365 4381 408 4438 26.
