3064 4894
536 327 661 408 exposco
679 329 740 394 vri.
759 343 783 394 2.
802 341 827 394 s.
1203 345 1265 411 115

97 523 164 585 etl.
181 520 311 600 Paralip.
328 519 384 580 XI.
402 517 444 600 4.)
461 520 565 594 Jetas,
591 529 736 600 postremo
751 521 937 584 Jaaaalem.
959 555 1004 567 -
1019 520 1268 585 Melchisedechus

96 627 200 688 dicitur
214 623 309 710 ἱερεὺς
325 637 378 692 τοῦ
389 625 466 690 Θεοῦ
482 637 534 692 τοῦ
543 623 683 712 hepterem
700 646 767 688 eum
781 625 868 688 fnisse
878 629 1062 700 sacerdotem,
1078 645 1135 689 non
1145 637 1261 689 tantum

98 735 289 813 probantes,
312 751 387 812 quae
409 733 437 793 h.
461 732 479 792 l.
503 741 648 806 notantur,
670 753 774 814 nempe
795 751 861 796 eum
883 735 1057 794 Abrahamo
1080 733 1266 810 benedixisse,

97 840 175 919 quod
191 838 394 918 explicandum
411 849 455 899 est
470 840 506 900 de
521 839 653 918 precihus
675 841 714 901 ab
734 859 768 902 eo
791 848 932 919 tanquam
955 841 1101 901 sacerdote
1122 840 1215 914 factis,
1237 850 1267 902 et

96 945 302 1006 Abrahamum
319 944 345 1006 ei
360 944 502 1006 decimam
520 947 642 1024 praedae
657 955 770 1026 partem
785 945 905 1019 dedisse,
928 964 1015 1026 qnam
1038 945 1155 1008 omnino
1169 963 1266 1009 sacer-

94 1053 177 1112 dotes
191 1049 379 1130 accipiebant,
395 1053 446 1112 sed
462 1051 550 1111 etiam
566 1049 736 1114 sacrificinm
751 1053 790 1113 ab
806 1071 840 1114 ao
855 1053 884 1114 in
900 1071 975 1132 pane
994 1061 1024 1112 et
1038 1051 1106 1114 vino
1120 1053 1263 1127 oblatum,

94 1156 176 1219 cuius
192 1157 300 1218 mentio
315 1157 350 1217 fit
364 1155 438 1218 Gen.
454 1157 542 1218 XIV.
563 1159 612 1223 18.

183 1282 210 1323 ν.
228 1265 258 1328 2.
274 1261 298 1348 ᾧ
313 1267 366 1327 καὶ
381 1265 509 1349 δεκάτην
525 1261 585 1328 ἀπὸ
600 1269 718 1330 πάντων
734 1262 869 1350 ἐμέρισεν
884 1261 1040 1351 Ἀβραάμ,
1063 1277 1181 1349 πρῶτον
1206 1269 1259 1353 μὲν

95 1368 332 1456 ἑρμηνευόμενος
353 1371 493 1452 βασιλεὺς
509 1371 710 1457 διιιαιοοόνης,
732 1370 831 1434 ἔπειτα
854 1371 886 1434 δέ
908 1375 961 1434 οιαὶ
976 1373 1118 1454 βασιλεὺς
1143 1370 1264 1461 Σαλήμ,

95 1475 112 1539 ό
130 1475 192 1540 ἐστι
208 1477 351 1558 βασιλεὺς
375 1474 564 1565 εἰρήνης-
579 1475 742 1556 Apostolus
765 1477 847 1538 addit
869 1476 1090 1558 explicationem
1115 1479 1264 1540 nominum

92 1581 169 1660 regis
184 1602 219 1644 ac
233 1581 397 1655 sacerdotia,
413 1585 449 1644 de
465 1603 522 1662 quo
536 1568 628 1643 verba
641 1581 719 1653 lacit,
738 1582 860 1645 nominis
876 1582 935 1644 scil.
959 1583 1065 1663 proprii
1081 1588 1262 1684 'pm-*3¹32

93 1716 124 1766 et
146 1703 319 1785 appellativi
336 1707 422 1812 ῃῖγηγ
444 1709 533 1800 ηήγχ
549 1726 600 1766 sno
616 1705 731 1768 nomine
751 1713 796 1768 est
811 1705 1024 1767 Melchisedech
1045 1723 1097 1766 rex
1117 1678 1262 1781 iristitiam

95 1829 162 1890 sede
178 1838 277 1889 autem
293 1850 347 1890 sua
365 1837 468 1889 estrex
479 1831 508 1890 in
518 1832 604 1891 domo
614 1827 700 1908 pacis.
727 1827 1263 1910 Hacexplicationeindigitarevolnit‚

93 1933 333 2006 Melchisedecho,
350 1931 458 1996 Christi
474 1944 554 2016 typo,
570 1933 688 1997 nomina
703 1955 759 1996 non
775 1945 891 2009 temere,
907 1937 956 1997 sed
972 1936 1027 1996 Dei
1042 1935 1194 1998 voluntate
1210 1935 1263 1997 tri-

94 2043 168 2101 buta
184 2061 254 2112 esse,
270 2041 364 2121 idque,
381 2043 458 2121 quod
473 2051 595 2121 utroque
611 2039 726 2102 nomine
742 2041 922 2121 significetur,
938 2060 1006 2103 vero
1022 2042 1051 2102 in
1061 2039 1177 2104 Christo
1193 2061 1262 2104 esse.

183 2167 210 2207 v.
227 2151 255 2213 3.
273 2145 408 2232 ἀπάτωρ,
424 2145 560 2236 ἀμήτωρ,
578 2147 826 2235 ἀγενεαλόγητος,
843 2155 916 2237 μήτε
927 2146 1027 2236 ἀρχήν
1042 2147 1171 2237 ήμεριῦν,
1188 2156 1263 2235 μήτε
1367 2139 1370 2146 ’

92 2257 173 2342 ζωής
189 2255 279 2326 τέλος
294 2254 386 2340 ἔχων,
402 2253 643 2340 ἀφωμοιωμένος
660 2255 691 2317 δὲ
709 2266 749 2339 τῷ
765 2251 817 2339 υἱῷ
833 2265 886 2319 τοῦ
903 2254 988 2326 Θεοῦ,
1009 2260 1088 2340 μένει
1109 2251 1206 2340 ἱερεὺς
1222 2254 1263 2330 εἰς

93 2365 127 2424 τὸ
144 2361 288 2444 διηνεκές.
323 2394 347 2402 ··
373 2360 536 2438 Apostolus
551 2360 815 2422 Melchisedechum
838 2361 965 2441 quinque
987 2360 1135 2440 epithetis,
1158 2361 1264 2442 quibus

95 2462 169 2527 Gen.
185 2465 274 2526 XIV.
295 2466 431 2532 18-20.
448 2466 552 2528 directe
568 2487 625 2528 non
647 2475 773 2540 ornatur,
796 2466 931 2540 celebrat,
953 2485 1028 2547 quae
1052 2483 1119 2528 vero
1142 2487 1179 2528 ex
1201 2468 1264 2548 ipso

91 2573 144 2634 illo
160 2570 306 2634 Geneseos
324 2573 384 2646 lpco
400 2573 522 2645 deducit,
541 2573 610 2653 quia
624 2573 664 2634 ibi
675 2573 736 2634 eius
748 2581 839 2652 pater,
855 2581 956 2647 mater,
972 2571 1102 2645 maiores,
1118 2572 1196 2633 vitae
1206 2573 1263 2634 ini-

93 2679 168 2740 tium
183 2699 217 2740 ac
233 2678 298 2740 finis
314 2698 371 2740 non
387 2689 654 2746 commemorantur.
679 2680 819 2758 Epitheta
830 2680 902 2740 haec
911 2681 1006 2760 quoad
1017 2697 1169 2758 personam
1184 2680 1264 2740 Mel-

93 2785 256 2847 chisedechi
273 2804 358 2846 sensu
375 2787 435 2846 ncn'
446 2785 589 2858 absoluto,
612 2787 662 2846 sed
684 2785 806 2846 relativo
830 2785 996 2866 accipienda
1018 2794 1095 2857 sunt,
1120 2795 1263 2866 quatenns

93 2891 153 2955 scil.
171 2910 255 2952 nemo
271 2889 366 2952 scierit
375 2891 422 2950 vel
438 2890 519 2964 sciat,
528 2889 587 2962 ubi,
601 2891 726 2970 quando,
741 2899 794 2952 ant
808 2891 941 2972 aquibus
949 2889 1161 2953 Melchisedech
1177 2901 1264 2953 natus

92 2997 188 3070 fuerit,
204 2999 320 3077 quando
338 3006 367 3058 et
382 2997 526 3076 quomodo
542 3016 579 3057 ex
594 2997 896 3064 hacvitadiscesserit.
907 3032 950 3042 -
960 2996 1081 3058 Verbis:
1098 2996 1262 3086 ἀφωμοιω-

98 3109 188 3189 μένος
204 3103 237 3166 δὲ
254 3114 294 3188 τῷ
310 3097 362 3186 clip
385 3113 438 3167 τοῦ
455 3101 532 3168 Θεοῦ
554 3101 670 3184 respicit
691 3113 790 3164 auctor
811 3105 849 3164 ad
871 3123 915 3178 ea,
937 3123 1011 3184 quac
1033 3116 1263 3184 praecesserunt3

91 3209 175 3289 quasi
211 3207 298 3275 dicat,
331 3207 361 3268 in
388 3207 447 3270 illis
477 3209 611 3270 omnibus
641 3207 905 3272 Melchisedechum
933 3209 1054 3289 gessisse
1085 3211 1207 3290 liguram
1232 3220 1262 3271 et

95 3314 316 3376 similitudinem
333 3313 399 3375 Filii
415 3313 469 3375 Dei
485 3314 636 3399 (Batitas).
666 3315 879 3378 Melchisedech
895 3335 999 3396 nempe
1008 3315 1111 3377 dicitur
1126 3316 1260 3402 ἀπάτωρ,

93 3433 124 3482 et
141 3427 282 3510 αμήτωρ;
299 3419 431 3482 Christus
441 3439 541 3482 revera
556 3423 709 3501 quahomo
719 3432 780 3483 erat
790 3419 915 3506 ἀπάτωρ
926 3423 1111 3503 etqnaDeus
1121 3421 1264 3512 ἀμήτωρ;

93 3527 347 3589 Melchisedechus
362 3527 465 3588 dicitur
480 3526 733 3615 ἀγενεαλόγητος;
756 3530 791 3589 de
813 3527 929 3590 Christo
952 3528 1071 3608 legitur:
1095 3527 1262 3603 „Genera-

95 3637 211 3697 tc'oaem
226 3636 293 3696 eius
310 3635 378 3713 qao
396 3633 601 3695 caumatum
619 3633 691 3717 (Jes.
707 3633 789 3695 LIII.
806 3631 865 3716 8.);
890 3636 925 3695 de
941 3634 1173 3696 Melchisedecho
1195 3635 1264 3696 dicit

94 3739 219 3800 Paulus:
238 3745 312 3826 μήτε
328 3737 428 3826 ἀρχήν
444 3738 563 3826 ἡμερῶν
579 3739 676 3826 έχων;
694 3741 728 3800 de
739 3738 854 3800 Ohristo
870 3739 988 3819 legitur:
1008 3741 1180 3823 ,Equaesio
1196 3744 1263 3804 eius

92 3849 132 3908 at
150 3848 250 3918 τοῦτο,
266 3861 284 3914 a
299 3840 391 3914 dicim
407 3841 604 3914 alternatio
629 3845 729 3930 (mich,
746 3845 785 3909 V.
803 3844 864 3928 2.);
887 3855 916 3905 et
932 3847 1049 3906 tandem
1065 3845 1169 3908 dicitur
1184 3847 1263 3908 Mel·
1357 3877 1359 3881 ·

91 3951 292 4015 chisedechus:
311 3957 384 4036 μήτε
400 3955 481 4038 ζωής
498 3953 587 4025 τέλος
602 3949 699 4039 ἔχων;
723 3954 758 4013 (le
773 3951 890 4013 Christo
907 3969 975 4013 vero
991 3951 1171 4032 praedIctum
1192 3951 1262 4012 fuit:

93 4056 291 4134 ,Statiliam
309 4057 456 4118 thronum
471 4059 561 4140 nepai
584 4059 650 4121 eius
671 4061 704 4121 io
727 4065 910 4120 aetenam
935 4057 987 4141 (II.
1004 4056 1084 4118 Sam.
1100 4056 1170 4120 VII.
1189 4059 1263 4140 la).

90 4199 135 4212 --
151 4160 238 4232 Quod
255 4161 398 4241 sequitur:
417 4168 496 4248 μένει
512 4159 607 4247 ἱερεὺς
623 4163 664 4237 εἰς
680 4169 713 4228 τὸ
731 4167 875 4250 διηνεκές,
899 4163 1023 4224 similem
1043 4182 1109 4225 cum
1132 4162 1262 4243 superio-

89 4272 171 4332 ribus
186 4287 302 4330 sensum
320 4269 418 4328 habet.
451 4265 532 4329 Sicut
547 4269 624 4329 enim
640 4269 732 4349 patris
747 4289 780 4329 ac
797 4269 897 4328 matris
918 4289 953 4330 ac
967 4268 1077 4348 generis
1099 4287 1201 4348 expers
1216 4270 1261 4330 di-

89 4377 165 4441 citnr
179 4373 403 4447 Melchisedech,
419 4384 449 4434 et
464 4394 514 4436 nec
536 4373 661 4435 initium
677 4375 754 4436 vitae
777 4393 828 4434 nec
850 4375 937 4434 finem
960 4375 1075 4449 habere,
1097 4372 1167 4454 qnia
1189 4375 1263 4438 nihil
1318 4405 1323 4410 ·

1070 4477 1104 4534 8*
