3094 4892
570 312 609 362 De
627 319 727 362 sumere
744 313 869 373 epistolae.
1258 311 1302 376 21

137 494 224 552 finem
248 513 322 559 saec.
345 496 382 554 ll.
405 493 559 572 epistolam
587 491 624 551 ad
643 491 795 551 Hebraeos
824 489 882 549 iam
909 489 1065 550 reiecerunt
1086 497 1116 548 et
1136 486 1301 568 aposmlum

137 597 264 660 Paulum
282 601 322 665 13
334 610 447 660 tantum
459 597 597 679 epistolas
606 614 741 657 exarasse
750 595 932 656 affirmarunt
940 593 1058 678 (Euseb.
1068 595 1107 654 H.
1117 595 1151 654 hl.
1161 593 1216 654 Vl.
1227 589 1301 673 20),

135 704 197 765 Res
212 725 246 766 eo
261 707 384 778 devenit,
402 718 434 766 ut
448 704 537 766 ctiam
552 723 590 764 ex
605 701 733 764 sectariis
742 701 872 762 nonnulli
882 702 1022 773 cederent,
1032 709 1062 760 et
1072 699 1301 772 Tertullianus,

136 809 198 889 ipse
213 811 404 884 Montanista‚
421 810 573 890 epistolam
599 819 727 872 nostram
752 827 808 868 non
824 807 926 880 Paulo,
949 809 999 868 sed
1014 807 1169 868 Barnabae
1191 803 1300 866 adseri-

137 917 218 978 beret
232 918 341 980 auctori
356 917 389 1001 (l.
405 919 441 978 de
456 916 595 998 pudicitia
610 936 632 976 o.
643 911 717 996 aa).
742 913 838 976 Nemo
846 932 911 994 ergo
921 913 1081 984 mirabitur,
1094 909 1300 994 Opprianum

134 1023 179 1084 cui
195 1023 323 1104 alioquin
339 1023 533 1084 controversia
548 1023 583 1083 de
600 1021 690 1102 lapsis
704 1020 873 1100 recipiendis
888 1019 1033 1100 negotium
1057 1020 1220 1089 facesseret,
1235 1015 1300 1078 exi-

135 1128 273 1190 stentiam
289 1130 375 1190 huius
391 1129 530 1209 epistolae
553 1127 639 1208 plane
654 1126 783 1207 ignorare
804 1127 945 1208 potuisse3
967 1125 1164 1190 Victorinum
1186 1144 1220 1186 ac
1235 1121 1300 1186 Pe·

134 1235 257 1318 lapiam
273 1255 339 1297 eam
353 1235 509 1298 Paulinam
525 1255 581 1295 non
597 1233 748 1307 hahuisse;
773 1233 937 1317 Ulphc'lam
951 1233 981 1296 in
997 1231 1170 1296 conficienda
1185 1230 1301 1311 gothica

136 1341 275 1404 librorum
290 1343 329 1404 N.
345 1343 379 1402 T.
395 1341 524 1402 versione
538 1359 604 1402 eam
615 1339 793 1420 praeteriisse
809 1350 838 1400 et
849 1339 909 1401 siue
919 1339 1007 1402 dubio
1016 1337 1300 1420 aliosadhucplures

134 1449 273 1532 inglutina
288 1448 414 1522 ecclesia,
430 1465 551 1529 qnorum
567 1447 685 1508 nomina
700 1446 784 1508 nobis
799 1445 921 1508 historia
935 1467 992 1508 non
1014 1447 1150 1519 servavit,
1172 1427 1299 1506 auctari·

133 1563 225 1616 tatem
241 1555 302 1618 eius
317 1554 485 1618 canonicam
500 1573 628 1634 negasse,
644 1553 713 1633 quin
729 1553 833 1615 exinde
852 1553 947 1632 colligi
963 1562 1060 1633 queat,
1082 1562 1190 1614 certam
1206 1549 1299 1612 tradi-

132 1662 250 1752 tionem,
273 1662 392 1742 ideoque
407 1670 609 1741 argumentum
632 1677 698 1720 vere
720 1669 879 1731 externum,
901 1659 1054 1731 exstitisse,
1076 1658 1202 1718 Paulum
1224 1676 1298 1736 apo-

130 1768 238 1830 stolum
254 1787 310 1830 non
327 1787 389 1828 esse
404 1767 498 1848 operis
514 1762 701 1848 auctoren.1)
717 1801 761 1812 -
777 1765 855 1827 Hinc
876 1764 996 1845 antiqui,
1019 1763 1068 1844 qui
1090 1762 1244 1844 epistolam
1260 1763 1298 1822 ad

131 1875 282 1936 Hebraeos
297 1874 327 1935 in
336 1893 474 1936 canonem
490 1893 547 1934 non
557 1881 733 1952 receperunt,
749 1871 920 1932 adversariis
930 1881 1099 1950 argumenta
1110 1878 1230 1930 externa
1239 1887 1296 1930 non

130 1979 328 2061 suppeditant,
345 1982 395 2042 sed
411 1979 591 2041 solummodo
606 1979 790 2059 suppeditare
805 1977 947 2039 videntur.

129 2174 316 2236 Diversae
338 2175 648 2237 adversariorum
671 2174 907 2254 hypotheses
936 2174 978 2234 de
997 2181 1159 2233 auctore
1182 2167 1295 2230 huius

615 2280 815 2360 epistolae.

220 2403 403 2474 Quaeramus
418 2425 502 2477 nunc,
523 2404 637 2466 cuinam
654 2404 807 2484 epistolam
829 2405 868 2466 ad
889 2405 1039 2465 Hebraeos
1062 2401 1219 2464 adversarii
1240 2401 1295 2460 ad-

127 2512 250 2573 scribere
266 2511 403 2572 soleant?
432 2513 467 2571 ln
483 2531 517 2572 eo
532 2513 589 2572 fere
604 2529 704 2572 omnes
719 2511 909 2582 consentiunt,
925 2519 1071 2571 auctorem
1087 2508 1161 2569 inter
1176 2515 1295 2588 aposto-

125 2619 224 2679 lorum
240 2637 361 2680 coaevos
376 2618 533 2697 pertinere;
557 2637 614 2696 quo
628 2626 727 2678 autem
743 2636 828 2678 sensu
843 2615 937 2696 operis
958 2625 1058 2678 auctor
1077 2615 1234 2676 censendus
1249 2612 1295 2684 sit,

129 2723 239 2804 etquis
255 2724 349 2797 luerit,
365 2725 402 2784 ad
418 2724 495 2784 hanc
509 2721 707 2803 quaestionem
722 2722 827 2783 diversi
843 2723 953 2784 diverse
975 2723 1156 2802 respondent.
1188 2721 1295 2800 Hypo·

127 2831 224 2891 theses
239 2847 337 2891 eorum
353 2830 382 2890 in
398 2831 472 2890 duas
486 2829 645 2910 dispesoere
660 2848 813 2908 possumus
829 2829 943 2890 classes.

220 2934 251 3020 1)
279 2935 351 2999 Una
366 2936 541 3018 hypothecis
560 2945 621 2998 est:
644 2933 807 3018 mutulam
829 2955 868 2999 ea
889 2937 1009 3018 integro
1031 2933 1171 3018 apostolo
1185 2931 1294 2996 Paule

125 3043 374 3106 ahirrclicaadam
389 3049 427 3113 et,
442 3041 515 3102 sicut
531 3040 661 3101 nonnulli
686 3060 752 3102 oum
767 3051 878 3102 veteres
893 3051 957 3102 tum
979 3041 1148 3103 recentiores
1168 3048 1293 3110 censent,

126 3149 172 3210 vel
189 3149 304 3226 Lucae,
328 3148 375 3208 vel
391 3149 576 3221 Barnabae,
598 3147 646 3206 vel
672 3145 821 3210 Clementi
843 3147 947 3224 Rem,
971 3148 1019 3209 vel
1042 3149 1167 3211 cuidam
1185 3143 1292 3210 Paulo

130 3276 194 3318 nen
208 3253 346 3338 apostolo
354 3274 363 3329 ;
379 3253 452 3314 sicut
467 3263 564 3314 autem
580 3252 698 3332 quidam
713 3252 882 3314 recentiores
896 3263 1037 3326 statuunt,
1052 3253 1100 3314 vel
1110 3253 1232 3330 Marco,
1247 3251 1295 3312 vel

127 3361 223 3436 Silae,
238 3358 287 3423 uel
300 3360 480 3443 Apollonio,
503 3359 551 3423 ael
570 3361 676 3442 epacte
699 3361 826 3422 cuidam
842 3359 1074 3436 Aleamtdriao,
1100 3359 1148 3422 cel
1164 3358 1291 3422 Tertul-

126 3468 212 3529 liano
228 3467 337 3528 auctori
352 3467 572 3528 adscribendam
594 3484 662 3525 esse.
679 3499 723 3510 -
737 3465 849 3526 Verum
872 3465 949 3526 enim
971 3484 1047 3538 vero,
1073 3466 1142 3546 quin
1167 3466 1292 3526 rationes

125 3585 259 3633 externas
268 3589 320 3652 pro
328 3571 421 3632 Paulo
431 3572 564 3652 apostolo
573 3581 736 3652 pugnantes
746 3581 919 3650 repetamus,
930 3572 1113 3634 solummodo
1123 3589 1290 3635 monemus:

214 3676 246 3762 a)
262 3676 395 3758 Epistola
410 3677 566 3756 graecitate
576 3697 629 3738 sua
639 3685 668 3736 et
680 3677 817 3738 orationis
828 3676 1031 3758 perspicuitate
1041 3680 1078 3740 ad
1088 3679 1196 3742 Lucae
1205 3694 1292 3758 opera

124 3783 255 3865 proxime
270 3782 385 3863 quidem
401 3783 524 3858 accedit3
540 3783 709 3863 praesertim
725 3803 790 3846 eum
806 3784 835 3844 in
851 3803 886 3845 ea
901 3785 1064 3864 permultae
1086 3805 1170 3846 voces
1197 3782 1292 3845 aclo-

216 3974 236 4042 ¹)
254 3976 303 4025 Otr.
322 3973 384 4040 Huc
401 3977 419 4025 l.
438 3991 459 4026 c.
479 3974 515 4029 St.
534 3973 587 4024 485
606 3977 624 4026 l.
643 4004 678 4013 -
696 3977 734 4026 Ex
752 3979 927 4028 mmntioribus
946 3977 1083 4042 apostolum
1103 3977 1217 4027 Paulam
1242 3992 1292 4042 qua

123 4072 249 4116 auctorem
268 4065 338 4128 epist.
358 4064 390 4112 ad
407 4063 534 4114 Hebraeos
552 4065 644 4130 absque
662 4065 715 4114 nlla
733 4065 896 4116 haesitatione
914 4073 1065 4132 agnoscunt:
1094 4065 1177 4122 aare,
1197 4063 1225 4116 θ.
1255 4063 1290 4114 W.

125 4153 217 4220 Meyer,
239 4149 350 4210 sucat
370 4149 513 4216 Henioche,
533 4151 656 4222 Hosrtcde
674 4151 707 4202 de
726 4151 812 4211 aroer,
831 4152 930 4212 sarcre,
957 4152 1058 4217 Gelphe
1084 4153 1162 4211 Staio,
1188 4151 1289 4204 Blaen-

117 4240 189 4308 fiold,
209 4239 367 4301 Bt'ereatleal,
386 4237 409 4289 J.
430 4239 489 4290 θὴν.
511 4241 535 4291 0.
555 4240 587 4291 de
605 4238 746 4309 [lesmoren.
768 4240 872 4300 Romae
890 4243 931 4291 W.
957 4239 1038 4304 Volet,
1063 4241 1087 4291 J.
1114 4241 1284 4303 Μάλου,

120 4328 208 4394 racto,
225 4326 299 4380 Μ
314 4327 366 4378 alii.
402 4329 481 4380 Vide:
499 4328 653 4381 Lehmann
672 4327 690 4379 l.
709 4343 731 4382 r.
750 4328 788 4380 St.
806 4327 849 4382 18.
