3094 4892
268 265 313 336 62
695 269 820 335 expo-sno
838 269 872 320 ιι.
893 267 934 320 ra.
955 267 996 322 ra

267 446 408 509 rationem
429 447 546 524 indioat,
568 465 619 510 our
640 447 772 510 homines
793 447 862 510 dieti
884 448 943 510 sint
965 445 1023 514 olel
1037 459 1090 514 τοῦ
1106 445 1225 532 (inoffi)
1243 485 1286 498 -
1304 448 1450 514 Verbum

269 551 398 637 ἀγιάζειν
414 553 507 641 (hebr.
524 550 619 661 pipp)
642 553 755 635 proprie
777 554 933 634 signifieat:
964 573 1098 636 seperare
1126 557 1166 616 ab
1192 575 1248 618 usn
1269 555 1394 618 eomuni
1418 567 1450 616 et

267 697 346 741 sacro
361 679 519 755 destinare3
535 679 600 742 dein
619 696 723 759 purum
732 679 857 751 reddere,
873 679 1199 760 emendareepeooetis,
1213 679 1346 760 expiare,
1366 699 1446 759 quae

267 785 406 866 posterior
421 785 591 866 significatio
613 793 750 848 oontextu
773 784 940 864 postulante
962 785 989 850 h.
1009 785 1028 850 l.
1044 787 1170 847 tenenda
1185 796 1238 851 est.
1270 785 1445 847 Confirmat

268 891 343 953 hanc
358 891 623 973 interpretationem
639 889 728 952 etiam
743 889 869 952 auctoris
884 889 972 953 huius
987 891 1128 972 epistolae
1138 912 1206 953 usus
1215 891 1359 971 loquendi
1378 889 1443 974 (cfr.

267 997 323 1061 IX.
343 999 393 1064 13.
412 999 476 1071 14.;
493 997 534 1058 X.
554 999 603 1063 10.
622 997 671 1062 14.
694 997 760 1070 29.;
782 995 871 1058 XIH.
898 997 968 1078 12).
986 997 1099 1058 -Per
1119 999 1209 1058 verba
1224 997 1257 1070 ἐξ
1272 995 1342 1070 ἑνός
1360 999 1445 1058 Deus

268 1101 390 1183 intelligi
406 1105 500 1164 debet.
531 1101 594 1164 Alii
617 1101 733 1182 quidem
754 1104 792 1163 ad
815 1099 846 1176 ἐξ
867 1099 932 1176 ἑνός
948 1103 1170 1183 subintelligunt
1192 1109 1370 1188 σπέρματος
1394 1103 1442 1163 vel

266 1206 401 1296 αἵματος,
423 1210 462 1270 ab
484 1227 541 1270 uno
565 1207 689 1280 homine,
713 1209 838 1280 Adamo,
868 1208 922 1269 orti
945 1219 1013 1270 suot
1034 1229 1149 1282 omnes3
1173 1209 1223 1270 alii
1244 1215 1364 1290 γένους,
1389 1208 1440 1270 alii

268 1311 396 1400 πατρός;
412 1313 507 1395 prouti
523 1333 591 1390 nos;
607 1315 657 1376 sed
672 1323 849 1395 perpetrem
866 1313 1032 1394 intelligunt
1045 1315 1093 1376 vel
1102 1313 1253 1376 Adamum
1268 1315 1317 1375 vel
1333 1314 1441 1376 Abra·
1511 1361 1512 1432 γ

267 1423 396 1485 hamum.
429 1419 487 1480 Ast
509 1422 679 1482 adversatur
707 1419 753 1481 lris
782 1419 1067 1502 interpretationibus
1088 1421 1227 1483 orationis
1249 1420 1355 1494 seriee3
1381 1441 1439 1482 non
1511 1441 1512 1468 ι

269 1525 386 1599 Adami,
404 1544 460 1586 non
476 1525 648 1588 Abrahami.
665 1527 716 1588 sed
725 1525 780 1588 Dei
795 1525 825 1588 in
841 1527 1014 1606 antegressis
1023 1525 1132 1589 mentio
1140 1528 1217 1589 faeta
1227 1536 1280 1599 est,
1297 1535 1328 1587 et
1343 1527 1438 1588 etiam
1511 1479 1512 1572 i

265 1653 292 1699 v.
319 1635 367 1700 10.
390 1633 428 1694 ad
451 1633 541 1693 verbe
562 1633 698 1706 πολλοὺς
727 1627 809 1707 υἱοῶς
831 1632 983 1713 oogitando
1004 1631 1121 1714 adiungi
1150 1635 1238 1694 debet
1268 1641 1322 1699 τοῦ
1346 1629 1437 1697 otoo.

265 1737 398 1801 Ceterum
409 1737 559 1819 apostolus
568 1744 676 1813 πάντες
686 1737 900 1812 maluitdioere,
910 1758 999 1819 quam
1009 1737 1182 1826 ἀμφότεροι,
1198 1759 1255 1820 quo
1267 1737 1437 1800 distinctius
1477 1774 1479 1780 ν

265 1846 439 1928 graviusque
456 1865 561 1924 magna
577 1843 806 1907 Christianorum
823 1863 961 1907 unacum
971 1843 1086 1907 Christo
1101 1845 1299 1928 designaretur
1314 1843 1436 1905 univer·

264 1953 345 2014 sitas.
361 1989 403 1996 -
420 1947 476 2016 oda
493 1951 702 2038 terrogaverat
717 1947 850 2012 Christus
865 1949 920 2012 sibi
935 1949 1063 2013 dedecori
1079 1969 1136 2014 non
1152 1951 1238 2023 duoit,
1253 1952 1326 2024 τοὺς
1341 1949 1434 2034 ἁγια-

263 2063 416 2144 ζομένους,
432 2067 576 2136 quatenus
591 2065 660 2118 sunt
674 2055 801 2117 eiusdem
817 2066 946 2130 naturae,
962 2075 1051 2138 quam
1067 2055 1128 2138 ipse
1147 2056 1294 2128 assumsit,
1325 2057 1434 2137 appel-

265 2163 325 2224 lare
340 2164 452 2234 iletres,
468 2161 602 2242 quamvis
623 2159 789 2223 hominibus
811 2171 840 2223 et
854 2161 944 2242 geniis
966 2161 1136 2224 eoelestibns
1159 2161 1325 2242 longissime
1341 2172 1430 2224 ante·

264 2268 359 2332 oellat.

353 2394 380 2436 ν.
400 2375 449 2440 12.
465 2375 571 2458 λέγων·
594 2369 791 2456 Ἀπανγγελῶ
813 2378 846 2440 τὸ
869 2371 964 2460 ὄνομα
979 2396 1034 2440 ooo
1053 2385 1121 2448 τοῖς
1143 2373 1286 2461 ἀδελφοῖς
1308 2395 1433 2461 potua
1401 2373 1433 2438 ἐν
1511 2395 1512 2418 ¹

262 2487 345 2570 μέσῳ
360 2475 561 2568 &saigniaci
563 2485 665 2568 palpo
682 2500 723 2544 σε

352 2608 378 2649 ν.
393 2588 442 2654 13.
451 2583 515 2650 Καὶ
523 2587 621 2651 πάλιν
632 2583 712 2668 Εγω
722 2586 830 2673 ἔσομαι
838 2585 1019 2660 reporto<
1019 2607 1041 2651 π
1041 2581 1149 2671 ἀὐτῷ
1159 2582 1222 2651 Καὶ
1231 2587 1333 2651 πάλιν
1345 2582 1428 2652 Ἰδοὺ
1511 2597 1512 2600 ’

263 2693 322 2778 ἐγὼ
337 2695 435 2760 καὶ
405 2717 442 2760 τα
457 2692 567 2768 παιδία,
584 2689 605 2756 ἅ
622 2715 671 2779 μοι
687 2692 797 2759 ἔδωκεν
820 2689 837 2756 ὁ
854 2690 997 2766 (lade.-
1013 2691 1162 2754 Christum
1178 2701 1277 2754 autem
1295 2691 1428 2754 homines

260 2819 361 2864 revera
375 2801 478 2862 fratres
500 2815 611 2871 vocare,
632 2798 782 2878 apostolus
804 2797 955 2860 oonfirmat
976 2797 1046 2862 loeis
1061 2818 1098 2860 ex
1113 2797 1152 2864 A
1167 2799 1202 2864 T
1224 2799 1405 2872 desumtiss
1398 2819 1427 2860 m

261 2907 366 2987 quibus
381 2905 505 2966 Messias
520 2923 579 2984 qua
595 2921 715 2984 persona
738 2903 857 2984 loquens
871 2902 1014 2966 inducitur
1035 2914 1065 2966 et
1079 2903 1211 2966 homines
1233 2905 1337 2965 fratres
1360 2925 1428 2966 suos

261 3020 412 3077 vooat-
429 3011 545 3072 Verba:
568 3009 729 3092 ἀπαγγελῶ
751 3013 784 3075 τὸ
800 3007 896 3097 ὄνομα
919 3033 973 3075 σου
996 3031 1025 3074 π.
1041 3012 1110 3078 τ..λ
1140 3011 1274 3072 desumto
1296 3019 1366 3071 sunt
1391 3031 1426 3072 ex
1511 3047 1512 3138 γ

262 3118 376 3199 psalmo
394 3115 499 3181 XXII.
516 3136 543 3180 ν.
560 3118 620 3188 23.
641 3135 691 3196 qur
682 3115 837 3198 psalmus
858 3133 925 3177 vere
947 3116 1111 3178 Messianus
1132 3125 1192 3190 est3
1216 3114 1373 3177 Christus
1365 3136 1427 3197 rpse
1511 3141 1512 3174 l

260 3221 333 3285 satis
348 3222 452 3295 doouit,
468 3223 506 3284 ed
522 3242 552 3283 se
568 3221 714 3302 psalmum
729 3221 966 3302 hunepertmere
981 3221 1206 3303 quamprimum
1222 3219 1425 3284 eiusversum:

262 3329 388 3406 ,Delta
405 3329 498 3392 Deua
513 3347 611 3402 meaa,
627 3346 725 3407 gaure
739 3347 789 3390 me
803 3327 1018 3408 dereliquit&
1041 3347 1145 3408 magno
1160 3327 1284 3389 elamore
1298 3330 1427 3408 pendens
1511 3335 1512 3364 ³

260 3435 290 3496 in
306 3451 386 3496 oruoe
401 3432 669 3514 pronuntiavit—
625 3432 741 3493 —Pro
757 3432 919 3516 ἀπαγγελῶ
935 3434 1068 3514 legitnr'
1060 3454 1089 3495 ιιι
1110 3433 1239 3494 versione
1254 3432 1344 3499 Alex.
1359 3434 1425 3521 διη-

259 3547 399 3630 γήσομαι,
424 3541 501 3620 quod
523 3539 643 3599 verbum
665 3538 851 3602 translator
843 3559 873 3600 ιιι
896 3539 1058 3622 ἀπαγγελῶ
1082 3538 1214 3612 mutavit,
1230 3540 1287 3602 fors
1309 3553 1427 3620 propter

259 3645 458 3708 assonantiem
474 3643 560 3706 huius
576 3644 657 3706 verbi
672 3645 711 3707 ad
725 3665 823 3708 vooem
841 3643 1023 3729 εὐαγγέλιον.
1093 3649 1126 3708 In
1143 3643 1239 3706 verbis
1253 3655 1317 3718 τοῖς
1332 3645 1424 3711 ἀδελ·

261 3763 330 3840 φοῑς
347 3775 406 3838 μοι)
423 3767 529 3812 nervus
551 3753 692 3832 probandi
715 3751 796 3814 latet.
812 3789 856 3799 -
872 3751 1006 3814 Christus
1029 3771 1087 3831 qna
1103 3752 1198 3824 homo,
1221 3761 1254 3813 ut
1268 3752 1381 3814 Paulus
1396 3753 1423 3815 iu

264 3857 389 3940 epistole
404 3858 441 3918 ad
463 3857 614 3920 Romanos
634 3856 703 3920 dioit
724 3858 823 3938 (VIII.
839 3855 912 3940 29),
935 3855 1141 3938 primogenitus
1162 3866 1207 3918 est
1228 3856 1303 3918 inter
1317 3859 1424 3920 multos

260 3966 379 4039 iratres3
402 3961 535 4025 Christus
556 3982 624 4025 vero
655 3981 705 4044 per
733 3964 867 4025 unionem
889 3962 1104 4043 hypostaticam
1127 3964 1277 4042 estquod
1300 3983 1352 4025 nos
1375 3981 1424 4043 per

260 4069 385 4150 gratiam
401 4068 563 4149 adoptionis
578 4089 695 4144 sumus;
721 4067 854 4130 Christus
877 4067 966 4128 etiam
990 4087 1049 4147 qua
1074 4069 1160 4130 homo
1184 4077 1229 4128 est
1252 4067 1346 4130 Filius
1369 4069 1421 4130 Dei

351 4281 370 4351 ι)
390 4282 440 4331 on.
459 4279 613 4331 nam
631 4281 647 4330 1.
668 4294 688 4330 ο.
709 4276 746 4328 st.
768 4275 825 4326 ιον.
846 4278 864 4327 ι.
