3096 4886
267 327 335 398 220
529 329 656 396 expones
673 327 744 380 rm
762 325 789 379 ο.
806 323 847 386 τα
865 327 981 394 μου.
998 325 1069 378 nn
1089 322 1168 377 1-7.

266 501 1434 591 01.0nmnxxvmno(‹n.aiammrodeoenruslinguar.

265 635 295 697 n·
319 617 394 684 344
415 611 494 700 0·)¹l

354 741 383 784 τ.
399 723 429 789 6.
444 721 522 787 ὅσοι
536 717 728 807 θαῤῥοῦντας
741 719 825 810 ἡμας
840 725 945 802 λέγειν·
968 717 1086 805 Κῦριος
1100 718 1169 807 ἐμοὶ
1183 720 1312 805 βοηθὸς,
1328 720 1382 782 ταὶ
1397 713 1433 782 οῦ

265 831 496 918 φοβηθήσομαι,
518 831 546 892 τί
569 835 686 918 ποιήσει
710 850 762 915 ροι
785 825 958 912 ἄνθρωπος
980 861 1025 872 -
1039 825 1143 888 Verba
1156 824 1246 888 oilata
1260 825 1436 905 deprompta

267 945 337 998 snnt
359 953 433 1018 eps
456 931 602 1000 oxvssn
617 935 646 1000 6.
661 943 692 996 et
705 934 744 995 ad
765 933 886 996 verbum
907 933 1082 996 eonveninnt
1102 951 1168 996 oum
1188 948 1263 994 vers.
1284 929 1375 996 Alex.
1390 963 1434 976 -

265 1037 401 1128 θαῤῥοῦν
417 1049 463 1104 est
477 1039 625 1114 nonidere,
646 1039 782 1104 lidnoiam
796 1040 914 1116 habere,
935 1040 1110 1132 oonirlenter
1130 1057 1223 1122 agere,
1243 1039 1323 1100 bono
1335 1035 1434 1100 animo

266 1167 337 1212 esse.
367 1147 607 1241 Verbum—notato
624 1147 652 1210 lt
668 1145 733 1208 lin
756 1146 866 1210 malam
889 1155 1002 1230 partem
1024 1146 1152 1230 positum
1173 1155 1226 1220 eet,
1249 1153 1283 1208 nt
1304 1142 1433 1208 desinet

266 1271 374 1320 nooere.
391 1289 431 1302 -
450 1252 615 1340 ἅνθρωπος
639 1251 715 1316 idern
729 1253 812 1316 valet
832 1255 909 1336 qnod
930 1255 1062 1318 humana
1083 1251 1277 1320 imbecillitas.
1293 1286 1337 1298 -
1352 1251 1434 1313 Bene

264 1368 365 1422 antem
381 1369 468 1442 aptat
482 1360 537 1422 hoe
550 1359 702 1441 apostolus
717 1359 872 1424 lenioribus
886 1359 955 1436 suis,
976 1359 1026 1444 qni
1040 1362 1080 1424 ob
1099 1358 1267 1442 religionem
1288 1377 1378 1442 saepe
1393 1357 1433 1421 ab

262 1463 402 1548 improbis
417 1466 599 1528 emebantur
612 1465 672 1528 anis
687 1466 883 1530 facultatibus
1217 1525 1222 1531 .

352 1593 381 1636 v.
398 1574 428 1640 7.
443 1570 654 1662 Μνημονεῦετε
675 1585 732 1640 τῶν
746 1573 920 1663 ίηοορῦνων
941 1569 1033 1662 δρῦν,
1057 1573 1161 1648 οἵτινες
1182 1571 1341 1660 ἐλάλησαν
1365 1568 1432 1658 ipio

263 1685 314 1746 τὸν
329 1681 420 1762 λόγον
435 1690 489 1746 τοῦ
505 1678 593 1758 Θεοῦ,
609 1678 651 1746 ὧν
666 1677 912 1768 ἀναθεωροῦντες
934 1688 988 1772 τὴν
1003 1682 1127 1767 ἔκβασιν
1149 1693 1205 1771 τῆς
1226 1678 1431 1766 ἀναστροφῆς,

263 1790 404 1874 μιμεῖσθε
426 1792 480 1876 τὴν
502 1791 605 1850 πίστιν.
621 1821 662 1834 -
680 1782 760 1856 Quia
782 1786 903 1851 lectores
923 1775 1011 1852 liuius
1031 1787 1172 1870 epistolae
1192 1784 1335 1868 proclives
1348 1793 1432 1846 erant

261 1895 300 1956 ad
314 1892 511 1968 despetionem,
526 1901 679 1974 propterea
693 1911 742 1956 eos
757 1893 908 1974 apostolus
922 1895 1016 1958 denuo
1030 1895 1069 1956 ad
1083 1893 1150 1956 fidei
1165 1889 1362 1960 constantiam
1375 1891 1431 1952 ad-

261 1999 403 2074 hortatur,
418 2016 582 2081 proponens
596 1996 656 2060 illis
671 1983 838 2081 exemplum
852 2001 1081 2083 praepositorum
1095 2017 1221 2074 suorum,
1236 1996 1287 2080 qui
1301 1996 1363 2058 iam
1377 1996 1430 2058 de-

265 2115 417 2169 oesserant
435 2139 474 2152 -
491 2103 651 2194 ipseipsoos
675 2104 762 2167 iidem
785 2115 862 2180 snnt,
886 2107 936 2189 qni
959 2107 1035 2170 elias
1049 2117 1189 2172 vooantur
1209 2109 1430 2190 προϊστάμενοι,

265 2209 432 2292 praepositi,
440 2209 501 2279 soil.
511 2209 712 2288 eoelesiernm3
727 2231 797 2274 nam
806 2213 908 2276 statim
914 2215 1186 2295 sequnntnrverbn:
1196 2209 1301 2286 οἵτινες
1310 2209 1430 2298 ἐλάλη-

261 2337 319 2382 σαν
334 2312 401 2404 ῦρῑν
416 2321 466 2384 τὸν
489 2317 581 2402 λόγον
602 2327 655 2384 τοῦ
678 2315 763 2384 Θεοῦ.
795 2318 918 2384 Summa
938 2321 1046 2402 gaudet
1064 2319 1272 2403 probabilitate
1293 2316 1430 2381 eooleeiae
1541 2323 1542 2328 ’

261 2421 546 2506 Hierosolymitanae
560 2422 707 2488 antistites
721 2422 790 2493 κατ’
805 2423 916 2516 &ioppe
931 2429 987 2491 hoo
1001 2427 1117 2490 honoris
1132 2426 1247 2490 nomine
1261 2423 1430 2506 appellatos

260 2550 331 2594 esse.
361 2530 491 2594 Fuerant
504 2529 664 2620 ἡγοῦρανοι
686 2531 731 2594 illi
745 2552 765 2594 a
779 2531 924 2614 religionis
944 2533 1119 2598 ebrietianae
1139 2531 1313 2595 adversariis
1336 2531 1430 2592 vehe-

260 2647 373 2699 menter
387 2635 488 2700 vexnti
503 2635 701 2720 supplicioque
723 2637 828 2712 allecti.
849 2639 945 2721 pronti
967 2641 1023 2704 hoo
1038 2660 1081 2703 ex
1095 2639 1163 2704 Aet
1178 2639 1239 2721 Ap.
1261 2646 1378 2701 oonstat
1392 2637 1428 2698 de

265 2743 424 2828 Stephano
435 2741 564 2818 diaeono,
579 2745 615 2806 de
624 2743 741 2809 Jaoobo
755 2745 878 2810 maiore
887 2746 1034 2827 apostolo;
1048 2747 1242 2809 sedadlinem
1250 2744 1330 2806 vitae
1338 2761 1431 2823 usqne
1540 2801 1541 2838 φ

258 2869 289 2910 se
314 2857 479 2912 oonstanter
502 2859 657 2932 gesserant.
679 2885 723 2900 -
748 2850 934 2938 ἀναθεωρεῖν
955 2854 1090 2917 denotat:
1114 2862 1227 2915 attente
1250 2849 1429 2914 oonsiderare

259 2951 321 3038 (οῦ.
337 2953 405 3020 Aet
420 2953 524 3024 XVII.
540 2953 617 3042 23.).
631 2991 676 3004 -
691 2955 875 3048 ἀναστροφή,
892 2967 926 3021 ut
939 2959 1060 3022 verbnm
1075 2957 1318 3046 ἀναστρέφεσθαι
1340 2955 1430 3040 (nfra

257 3078 287 3122 v·
305 3055 380 3144 le),
403 3060 520 3124 vivendi
541 3062 683 3126 rationem
704 3065 840 3140 denotat3
862 3065 987 3150 ἔκβασις
1009 3079 1064 3154 της
1085 3065 1279 3152 ἀναστροφῆς
1301 3072 1347 3125 est
1361 3060 1428 3123 finis

258 3166 338 3229 vitae
353 3164 415 3254 (οῦ.
431 3173 484 3258 τὴν
500 3168 604 3244 ἔξοδον
618 3169 668 3232 Lo
683 3169 741 3235 IX.
757 3172 824 3248 31.;
839 3172 879 3240 11.
895 3171 927 3234 Ρ.
938 3173 962 3238 Ι.
980 3173 1030 3240 15.
1045 3181 1076 3235 et
1089 3178 1143 3261 τὴν
1153 3171 1251 3260 ἄφιξιν
1266 3167 1336 3231 Aea
1349 3165 1425 3228 XX

259 3269 340 3358 29.);
362 3273 393 3336 ln
408 3273 429 3340 l.
450 3273 671 3358 intelligendum
693 3287 738 3340 est
759 3277 941 3360 martyrium.
965 3313 1009 3325 -
1030 3277 1095 3340 Alii
1118 3278 1210 3339 verba
1230 3276 1355 3360 ἔκβασιν
1370 3284 1424 3362 τῆς

241 3377 454 3466 ’ἀναστροφῆς
468 3379 710 3462 interpretantur:
725 3403 812 3466 quem
827 3385 963 3448 habuerit
977 3402 1076 3448 eornm
1090 3383 1169 3446 vitae
1183 3381 1258 3445 ratio
1272 3389 1423 3453 eventum3

258 3486 426 3566 perpendite
440 3487 572 3568 praemia
594 3490 775 3554 oonstantiae
798 3511 834 3554 ao
856 3491 978 3555 liduoiae
1001 3489 1032 3553 in
1055 3491 1119 3555 Deo
1134 3489 1254 3572 positae,
1269 3507 1345 3569 quae
1359 3495 1424 3568 post
1538 3513 1539 3574 φ

255 3601 379 3653 mortem
393 3594 538 3656 ooneeonti
560 3604 638 3664 sunt.
668 3596 746 3660 Huio
767 3615 835 3660 vero
858 3597 1088 3679 interpretationi
1112 3617 1170 3660 non
1191 3597 1290 3658 favere
1309 3593 1423 3656 videtur

253 3697 461 3762 sententiarum
477 3719 579 3764 nexus.

663 3825 1011 3910 Peraphresis.

640 3965 909 4051 oap.x111.vv.
942 3971 1036 4037 1-7.

340 4111 412 4174 Vos
426 4108 550 4172 inrioem
571 4128 670 4174 amare
692 4111 815 4209 pergite
841 4113 986 4175 Memores
1007 4121 1099 4174 estote
1120 4109 1352 4192 hospitalitatis;
1372 4127 1422 4193 per
1537 4187 1538 4196 φ

252 4215 328 4278 hano
342 4214 419 4278 enim
436 4215 612 4296 quibusdam
627 4216 751 4280 felicitas
766 4217 894 4299 eontigit,
919 4227 953 4280 nt
967 4217 1047 4280 ineoii
1062 4216 1140 4299 ipsos
1161 4216 1280 4299 angelos
1296 4236 1416 4300 exospe·

344 4351 758 4423 ναοιαψαμμοο.
