3064 4894
255 291 320 356 122
660 291 785 352 exutam
805 290 864 340 vn.
888 287 1001 352 17-19.

254 467 296 552 (v.
321 467 384 546 lbi·
396 489 432 532 ex
449 491 471 530 s.
488 467 651 550 Scriptura:
667 471 704 534 cb
718 464 814 553 ἱερεὺς
828 464 870 542 τίς
885 472 935 533 τὸν
950 465 1050 534 αἰῶνα.
1069 505 1109 512 -
1127 467 1261 530 Ceterum
1278 487 1330 551 pro
1347 491 1424 552 σαρ-

255 581 353 662 κίνης,
375 595 465 657 quarn
481 575 639 638 deotionem
655 573 782 656 optimae
797 584 882 635 notae
898 573 1006 637 codices
1023 575 1162 636 exhibent
1181 574 1234 660 (A,
1250 576 1285 648 B,
1301 572 1353 646 G*‚
1369 572 1423 645 D*‚

253 685 287 750 L.
315 680 392 768 Sin.)
418 691 533 764 recepta
557 681 648 744 habet
672 693 836 766 σαραιτιηςς
866 679 974 744 scilicet
995 680 1103 744 librarii
1124 682 1245 742 verbum
1277 686 1424 766 σαρκίνης

249 791 342 852 rarius
374 807 521 852 ooorrrrens
554 796 704 850 tractarunt
727 785 755 848 iu
779 788 910 869 frequens
934 796 1103 868 usurpatum
1129 800 1287 876 σαρκίνης.
1303 823 1348 836 -
1367 792 1419 852 νό-

253 919 311 982 μος
328 898 355 958 h.
374 896 391 956 Ι.
417 897 538 956 denotat
560 911 699 966 normam,
724 893 852 973 regulam
876 891 938 976 (cfr.
954 894 1040 958 Rom.
1056 895 1125 956 vtt.
1143 895 1193 958 21.
1211 892 1292 976 23.);
1308 893 1420 978 ἐντολή

253 1004 434 1074 mandatum,
445 1000 661 1084 praescriptum,
677 1000 812 1081 quodles
827 999 957 1062 Mosaica
971 1001 1006 1062 de
1016 1001 1145 1062 Levitico
1160 1001 1318 1062 sacerdotio
1336 999 1422 1074 tutit;

250 1107 362 1197 ἐντολή
379 1108 483 1170 dicitur
504 1113 640 1194 σαρκίνη,
663 1106 732 1188 quia
753 1108 924 1170 mandatum
946 1115 1038 1168 totum
1061 1110 1098 1168 ad
1120 1123 1236 1169 carnem
1257 1108 1422 1190 spectabat,

249 1214 399 1294 carnisque
414 1209 555 1275 ratioirem
574 1213 710 1276 babebat.
741 1212 853 1276 Partim
875 1212 952 1274 euim
972 1215 1010 1276 ad
1030 1223 1136 1275 certam
1159 1213 1289 1294 stirpem,
1314 1231 1419 1294 nempe

254 1320 438 1390 Aaronicam
455 1317 605 1382 sacerdotii
621 1319 791 1398 dignitatem
807 1319 1010 1392 adstrinxerat,
1033 1318 1140 1400 partim
1156 1318 1329 1380 mortalitati
1346 1339 1422 1400 pon-

256 1425 372 1497 tificum,
389 1445 463 1506 quae
479 1424 572 1488 carnis
587 1425 702 1506 propria
718 1434 770 1498 est,
788 1425 946 1497 consulens,
956 1423 1140 1487 successionis
1150 1425 1421 1504 iuradesoripserat.

256 1531 326 1594 Inde
342 1533 418 1594 enirn
429 1533 599 1606 factumest,
616 1541 649 1594 ut
659 1551 747 1594 unum
757 1531 841 1594 alteri
850 1533 998 1594 succedere
1014 1531 1132 1604 iuberet,
1148 1552 1212 1614 quo,
1229 1532 1421 1595 morientibus

251 1639 456 1712 sacerdotibus,
471 1638 664 1702 sacerdotium
680 1647 777 1700 tamen
794 1638 888 1720 ipsum
905 1648 1130 1718 perpetuaretur.
1138 1635 1161 1720 ¹)
1173 1673 1212 1682 -
1224 1635 1422 1712 ἀκατάλατος

249 1746 370 1806 denotat
385 1744 498 1826 proprie
513 1763 589 1816 eum,
605 1741 654 1825 qui
672 1741 791 1808 dissolvi
808 1744 913 1823 nequit,
937 1743 986 1824 qui
1009 1753 1054 1806 est
1076 1743 1254 1818 insolubilis3
1278 1744 1306 1808 h.
1324 1745 1344 1806 l.
1361 1744 1418 1806 irn-

250 1851 411 1926 mortalem,
427 1868 589 1932 perennem.

339 1977 366 2022 ν.
385 1959 433 2024 rt.
451 1954 655 2042 Mapcopstroa
670 1963 738 2041 γάρ·
757 1953 829 2022 Ὅτι
844 1959 880 2022 ob
895 1952 991 2040 ἱερεὺς
1013 1953 1054 2028 τίς
1077 1961 1126 2021 τὸν
1149 1953 1243 2022 αἰῶνα
1264 1961 1346 2022 κατὰ
1363 1963 1417 2046 τὴν

250 2065 331 2139 τάξιν
348 2061 551 2151 Μελχισεδέκ.
574 2100 615 2108 -
641 2065 704 2125 Hoc
725 2062 753 2124 in
777 2081 860 2124 versu
879 2062 1020 2127 rlaudatur
1041 2064 1078 2124 ad
1102 2061 1240 2124 dictorum
1263 2062 1419 2124 veritatem

246 2171 473 2232 orntirrnandam
490 2170 569 2232 iocus
586 2189 627 2250 ps.
645 2168 709 2232 CX.
727 2171 772 2243 r.;
797 2179 988 2256 μαρτυρεῖται
1009 2174 1067 2253 γάρ
1090 2170 1259 2230 vertendum
1283 2179 1330 2230 est
1352 2189 1418 2249 per:

250 2273 409 2361 (Christus)
425 2275 500 2338 enim
519 2275 714 2338 testimonium
739 2278 838 2340 habet,
920 2275 1067 2338 Particula
1089 2273 1133 2340 ὅτι
1149 2274 1178 2336 in
1203 2275 1301 2356 lingua
1322 2276 1419 2338 latina

249 2381 331 2444 reddi
342 2401 393 2444 uec
405 2392 508 2462 potest,
520 2401 571 2444 nec
580 2383 716 2446 debet-
733 2383 780 2444 Ex
790 2380 899 2444 verbis:
915 2383 951 2446 ob
961 2377 1055 2466 ἱερεὺς
1066 2379 1106 2455 εἰς
1116 2385 1165 2446 τὸν
1175 2378 1267 2448 αἰῶνα
1276 2385 1357 2447 κατὰ
1364 2388 1418 2470 τὴν

246 2489 327 2566 τάξιν
344 2486 540 2576 Μελχισεδέκ
556 2499 646 2570 patet,
662 2509 768 2552 novum
779 2488 964 2561 sacerdotem,
981 2487 1139 2561 Christum,
1149 2488 1339 2552 constitutum
1356 2509 1418 2550 esse

248 2597 424 2660 sacerdotem
442 2597 471 2658 in
486 2607 644 2669 aeternum,
660 2615 725 2656 cum
741 2595 847 2656 virtute
861 2595 939 2656 vitae
955 2594 1177 2683 interminabilis
1193 2605 1222 2656 et
1236 2594 1403 2657 insolubilis
1409 2616 1417 2670 ;

245 2721 278 2766 oo
295 2702 357 2784 ipso
372 2711 471 2764 autem
487 2702 658 2778 declaratur,
673 2701 830 2766 sacerdotio
840 2701 970 2764 levitico
986 2701 1076 2762 talem
1086 2700 1224 2764 virtutem
1235 2721 1290 2762 non
1301 2701 1397 2762 inesse
1403 2721 1412 2775 ;

247 2818 277 2870 et
292 2819 445 2890 propterea
460 2827 571 2872 cessare
586 2819 615 2869 et
631 2808 791 2890 perfectiori
806 2808 963 2872 sacerdotio
979 2810 1076 2870 cedere
1092 2809 1201 2870 debere.

334 2936 360 2980 v.
384 2917 429 2982 ¹8.
447 2914 615 3002 Ἀθέτησις
633 2921 685 3001 ρέν
702 2919 760 3000 γὰρ
777 2920 886 2997 γίνεται
895 2918 1090 3000 προαγοίσης
1106 2913 1232 3003 ἐντολῆς
1242 2917 1291 2978 διὰ
1307 2919 1341 2978 τὸ
1359 2911 1415 2978 αἰ)-

244 3034 298 3109 τής
315 3020 511 3095 dedecerent
527 3021 690 3108 ἀνωφελὲς,

336 3147 363 3188 v.
384 3130 431 3194 19.
450 3123 623 3212 (οὐδὲνγὰρ
640 3126 810 3192 ἐτελείωσεν
826 3125 841 3194 ὁ
859 3125 972 3214 νόμος.)
989 3127 1172 3216 ἐπειςαγωγὴ
1196 3129 1229 3192 δὲ
1244 3132 1416 3212 κρείττονος

246 3232 378 3318 ἐλπίδος,
402 3229 439 3298 δι’
455 3233 493 3322 ἧς
509 3233 661 3321 ἐγγίζομεν
683 3246 724 3318 τῷ
741 3233 814 3317 Θεῷ.
833 3268 872 3278 -
889 3235 1001 3298 Versus
1018 3233 1057 3306 hi,
1073 3233 1101 3294 iu
1124 3233 1229 3314 quibus
1251 3243 1352 3294 auctor
1366 3253 1418 3294 ra-

245 3339 353 3402 tionem
371 3340 472 3414 reddit,
495 3343 532 3402 ob
548 3359 637 3420 quarn
660 3340 708 3400 lex
730 3339 860 3400 Mosaios
882 3360 941 3401 una
962 3360 1025 3402 cum
1049 3339 1207 3402 sacerdotio
1232 3339 1363 3402 Levitico
1379 3341 1418 3400 sit

246 3447 395 3528 abrogata,
412 3447 565 3510 cohaerent
588 3445 719 3526 proxime
742 3464 806 3508 oum
830 3446 926 3508 verbis
948 3446 1053 3528 psalmi
1076 3466 1103 3506 v.
1120 3465 1212 3526 praec.
1235 3446 1372 3520 laudatis,
1389 3457 1418 3508 et

247 3551 429 3633 potissimum
445 3571 509 3616 oum
526 3553 636 3614 verbis:
660 3555 739 3618 κατά
762 3557 815 3641 τὴν
832 3553 913 3626 τάξιν
929 3549 1132 3638 Μελχισεδέκ,
1156 3570 1207 3633 per
1228 3572 1303 3632 quae
1326 3556 1418 3616 verba

245 3657 397 3732 indicatur,
413 3660 584 3724 mandatum
601 3661 636 3720 de
651 3657 809 3721 sacerdotio
820 3659 948 3722 Levitico
964 3670 1072 3721 etcum
1088 3679 1120 3720 eo
1136 3659 1223 3721 simul
1240 3659 1332 3738 legem
1350 3662 1418 3720 Mo-

132 3817 135 3824 .
246 3765 352 3828 sairam
370 3785 432 3827 esse
447 3767 627 3846 abrogatam,
644 3786 659 3828 e
674 3774 774 3830 contra
789 3783 857 3826 vero
873 3765 1021 3828 meliorem
1037 3785 1119 3846 spem
1136 3785 1197 3826 esse
1213 3765 1418 3830 introductam.

249 3908 287 3916 ν*
309 3871 349 3934 Ηί
366 3873 422 3934 duo
437 3890 536 3934 versus
553 3892 639 3934 unam
656 3881 781 3944 tantum,
802 3889 853 3952 per
868 3870 1040 3950 particulas:
1065 3872 1169 3958 μὲν-δέ
1185 3872 1214 3932 in
1230 3874 1303 3934 duas
1315 3885 1419 3954 partes

245 3976 378 4052 divisam,
389 3978 617 4042 enunciationem
627 3978 806 4040 constituunt
814 3996 821 4048 ;
830 3978 934 4039 verba:
945 3975 1030 4046 οὐδὲν
1040 3982 1098 4062 γάρ
1107 3977 1277 4042 ἐτελείωσεν
1287 3975 1303 4042 ὁ
1314 3985 1417 4066 νόμος,

247 4086 691 4166 parenthetioesuntsurnenda.
711 4082 875 4170 -ἐντολή
898 4084 926 4144 Ιι.
946 4084 962 4146 l.
987 4105 1043 4146 non
1064 4087 1184 4148 denotat
1207 4096 1297 4146 totam
1323 4085 1416 4166 legem

245 4192 413 4266 Mosaicam,
429 4193 479 4254 sed
494 4200 688 4274 praeceptum,
705 4191 877 4250 mandatum
895 4200 1018 4266 tantum,
1033 4191 1063 4253 in
1079 4191 1141 4274 lege
1157 4190 1287 4254 Mosaica
1311 4193 1347 4254 de
1364 4213 1416 4255 sa-

332 4331 358 4402 *¹)
376 4333 426 4383 Cir.
445 4329 599 4400 Lmen
617 4332 634 4380 i.
652 4346 683 4402 c,
701 4327 813 4382 Sam.
