3064 4894
560 279 685 370 nxpoaao
703 307 747 358 1x.
767 305 844 356 2-4.
1221 307 1282 373 139

104 488 132 578 ἡ
151 494 281 573 τράπεζα
304 489 391 576 καὶὴ
420 491 564 573 πρόθεσις
587 501 643 554 τῶν
665 485 772 572 ἄρτων,
795 489 860 577 ἥτις
883 490 1001 571 λέγεται
1024 485 1102 568 ἅγια.
1118 521 1160 532 ——
1178 483 1280 572 Σκηνη

105 596 132 684 ἡ
151 602 254 683 πρώτη
271 596 403 676 designat
418 595 637 656 tabernaculum
654 595 789 674 primum.
817 594 1020 657 Sanctnorium
1031 593 1106 653 enim
1117 613 1167 652 sen
1182 595 1283 652 taber-

106 703 251 765 naculum
267 704 388 783 Moysis,
416 712 447 762 ut
463 703 605 782 ternplum
621 702 918 783 Hierosolymitanum
943 721 979 762 ex
995 703 1108 764 duabus
1129 700 1283 762 constabat

106 810 245 890 partibus
260 811 326 871 velo
344 809 468 890 undique
484 829 613 889 oppanso
630 809 771 870 seiunctis.
803 809 1036 870 Tabernacnlum
1052 806 1180 869 anterius
1193 824 1282 868 roca-

106 919 202 978 batur
217 922 249 982 τὸ
268 915 360 999 ἅγιον,
376 917 422 976 vel
439 919 476 980 τὰ
493 913 571 996 ἅγια,
596 917 624 975 in
640 936 729 995 eoque
751 919 787 976 ad
813 917 888 977 latus
910 919 1045 977 dextrum
1066 914 1281 984 candelabrum,

106 1026 151 1086 ad
163 1025 241 1085 latus
251 1023 399 1085 sinistrum
409 1042 510 1084 mensa
519 1043 583 1084 oum
595 1023 719 1101 panibus
730 1022 939 1104 propositionis,
948 1023 978 1083 in
989 1021 1083 1084 medio
1094 1032 1162 1083 ante
1172 1019 1281 1090 velum,

108 1131 209 1192 altare
225 1131 342 1191 collitus
363 1130 505 1192 collocata
528 1141 618 1194 erant.
644 1166 681 1176 —-
700 1129 720 1218 ἡ
736 1132 846 1216 λυχνία
868 1140 912 1190 est
934 1131 1139 1192 candelabrum
1162 1145 1280 1188 aureum

108 1247 229 1317 septem
245 1236 432 1317 lampadibus
447 1237 619 1298 instructum
625 1256 633 1309 ;
648 1237 668 1326 ἡ
684 1235 814 1320 τράπεζα
837 1247 881 1298 est
903 1255 1002 1297 mensa
1025 1235 1120 1316 lignea
1141 1251 1212 1296 usuro
1226 1235 1281 1295 ob-

106 1345 207 1418 ducta,
224 1343 268 1406 cui
284 1363 375 1424 panes
398 1344 471 1405 sacri
495 1343 623 1423 impositi
639 1353 729 1403 erant.
749 1377 788 1388 ·-
805 1343 825 1432 ἡ
841 1346 986 1429 πρόθεσις
1008 1353 1064 1407 των
1082 1341 1189 1427 ἄρτων,
1211 1357 1280 1421 pro-

109 1449 218 1531 positio
232 1471 358 1532 panum3
375 1451 571 1536 significantur
586 1469 676 1530 panos
692 1447 803 1522 triticei,
823 1451 885 1512 Deo
901 1450 982 1522 sacri,
997 1450 1154 1522 duodecim,
1171 1451 1208 1509 ad
1224 1467 1280 1508 nu-

107 1575 223 1619 memm
241 1557 389 1620 duodecim
405 1557 533 1618 tribuum
544 1556 776 1628 israeliticarum,
792 1558 905 1618 duobus
914 1558 1062 1619 ordinibus
1077 1555 1214 1629 distincti,
1229 1573 1280 1636 per

105 1647 221 1743 septem
232 1664 293 1725 dies
308 1665 338 1725 in
349 1683 448 1725 mensa
459 1663 606 1744 propositi.
619 1697 656 1710 ·-
670 1663 775 1724 Altare
785 1663 900 1724 suffitus
915 1685 936 1722 s.
948 1663 1058 1724 Paulus
1076 1665 1104 1725 h.
1120 1663 1137 1726 l.
1155 1661 1278 1735 omittit;

106 1789 180 1831 nam
194 1770 256 1832 eius
271 1790 376 1832 munus
393 1791 449 1832 non
465 1770 528 1841 fuit,
544 1789 617 1831 vasa
639 1779 669 1830 et
690 1768 883 1832 instrumenta
905 1759 1084 1832 tabernaculi
1106 1769 1203 1830 omnia
1218 1768 1278 1828 sin-

105 1875 235 1955 gillatim
262 1885 291 1938 et
306 1875 519 1938 accuratissime
544 1894 686 1938 recensere
713 1874 776 1960 (σίν.
793 1896 818 1940 ν.
836 1876 888 1941 nl.
971 1873 1166 1945 Quaesierunt
1185 1875 1276 1936 inter-

106 1991 212 2062 pretes
231 1993 326 2044 utrum
342 1983 407 2071 ἥτις
430 1985 467 2044 ad
484 1985 629 2067 πρόθεσις
646 1995 701 2046 πων
719 1982 824 2067 ἄρτων,
841 1984 886 2043 vel
904 1987 941 2044 ad
958 1989 1054 2070 σκηνὴ
1070 1983 1090 2070 η
1106 1986 1209 2068 πρώτη
1231 1999 1277 2042 re-

105 2091 256 2150 ferendum
273 2099 303 2150 et
318 2089 390 2170 άγια
406 2099 438 2151 ut
453 2089 621 2151 femininum
638 2090 790 2167 singularis
807 2087 914 2174 (ἁγία),
938 2091 984 2149 vel
1010 2101 1041 2150 ut
1057 2098 1191 2152 neutrum
1207 2089 1278 2170 plu-

107 2194 181 2257 ralis
197 2196 306 2257 numeri
323 2195 419 2278 (dipsa)
437 2197 626 2276 spectandum
642 2197 687 2257 sit.
711 2197 743 2258 δί
763 2197 930 2276 respicimus
946 2214 1060 2258 versum
1077 2215 1144 2276 seq,
1161 2195 1209 2256 ubi
1226 2204 1275 2256 ta-

104 2303 295 2364 bernaculum
311 2304 467 2364 secundnm
483 2323 533 2363 seu
551 2305 691 2382 posterius
706 2303 873 2384 appellatur
889 2309 986 2391 σκηνὴ
1002 2303 1022 2392 η
1038 2306 1187 2389 λεγομένη
1203 2300 1273 2384 ἅγια

105 2406 209 2489 ἁγίων,
225 2409 313 2470 dubio
329 2420 415 2480 caret,
432 2419 527 2470 nostro
545 2409 606 2471 loco
616 2411 705 2471 verba
720 2410 785 2499 ἤνις
801 2413 920 2492 λέγεται
930 2408 1001 2491 ἅγια
1010 2413 1047 2470 od
1058 2414 1155 2497 σκηνὴ
1171 2413 1274 2494 πρώτη

103 2515 202 2575 referri
218 2517 321 2576 debere
330 2516 459 2596 adeoque
474 2517 648 2578 vocabulum
659 2515 768 2598 ἅγιαίιι
779 2528 879 2578 neutro
890 2517 999 2578 numeri
1010 2515 1132 2596 pluralis
1149 2515 1275 2595 positum

105 2641 188 2696 csse;
203 2621 422 2684 tabernaculum
439 2623 564 2702 primurn
581 2644 629 2683 seu
647 2623 775 2684 anterius
790 2624 867 2686 enim
884 2622 982 2686 ludaei
995 2620 1186 2684 Alexandrini
1203 2641 1274 2682 nns-

104 2745 195 2807 quam
211 2729 397 2808 appellarnnt
411 2735 464 2817 ιην
481 2728 575 2812 ἁγίαν,
592 2733 640 2790 scd
657 2735 690 2794 τὸ
707 2728 799 2812 ἅγιον,
816 2731 861 2790 vel
878 2734 915 2794 τὰ
931 2727 1010 2811 ἅγια.

152 2854 179 2896 v.
196 2837 225 2900 3.
241 2831 328 2899 Μετὰ
348 2837 381 2900 δὲ
404 2841 438 2900 τὸ
461 2837 596 2920 δείπερον
619 2843 834 2923 καταπέτασμα
859 2843 965 2924 σκηνὴ,
987 2836 1007 2924 ἡ
1030 2838 1180 2921 λεγομένη
1203 2834 1274 2916 ἅγια

105 2939 207 3020 ἁγίων,
226 2977 264 2988 -
284 2941 355 3003 Post
371 2961 469 3003 vocem
487 2951 584 3030 σκηνη
600 2943 873 3023 subintelligendum
897 2954 941 3004 cst
963 2960 1078 3004 eversu
1101 2959 1186 3021 praec
1216 2965 1274 3008 κα-

105 3051 308 3134 τεσκευάσθη,
325 3049 543 3110 tabernaculum
560 3059 605 3110 est
620 3059 806 3112 exstructum.
837 3053 904 3112 Duo
926 3049 1004 3111 enim
1025 3058 1107 3112 erant
1129 3048 1158 3110 in
1175 3051 1275 3112 taber·
1369 3121 1370 3125 γ

105 3154 210 3216 noculo
227 3155 268 3216 uti
285 3155 314 3216 in
331 3156 440 3234 templo
456 3155 577 3231 aulaea;
595 3158 720 3235 primum
736 3167 805 3218 ante
821 3157 895 3219 fores
910 3156 1018 3230 Sancti,
1035 3158 1191 3222 seeundum
1206 3168 1274 3220 ante

104 3263 180 3322 fores
197 3260 387 3334 Sanctissimi‚
403 3281 541 3342 separans
558 3263 697 3324 Sanctum
714 3285 731 3323 a
748 3263 944 3325 Sanctissimo.
976 3264 1017 3326 Ut
1039 3265 1074 3325 de
1098 3266 1151 3328 hoc
1166 3267 1273 3346 cogite-

104 3387 179 3439 mus
195 3377 294 3430 auctor
309 3369 420 3430 addidit
436 3373 469 3433 τὸ
486 3370 630 3453 δείντερον,
647 3372 811 3433 secundom.
828 3407 872 3414 --
889 3369 960 3454 ἅγια
976 3368 1066 3451 ἁγίων
1084 3373 1208 3452 positum
1230 3382 1274 3434 est

106 3491 158 3552 pro
175 3474 361 3553 superlativo.
369 3473 394 3557 1)
824 3475 828 3488 '

195 3601 220 3644 v.
238 3583 267 3646 4.
284 3591 415 3668 χρυσοῦν
432 3582 549 3668 ἔχουσα
559 3585 767 3671 θυμιατηριον,
783 3589 835 3650 καί
845 3590 898 3674 τὴν
912 3588 1039 3669 κιβωτὸν
1049 3599 1104 3674 της
1119 3588 1273 3676 διαθήκης

104 3690 406 3774 περικεκαλυμμένην
439 3692 588 3754 πάντοθεν
616 3695 740 3776 χρυσίω,
762 3689 792 3754 ἐν
816 3689 836 3776 ᾖ
858 3698 990 3778 στάμνος
1017 3705 1126 3780 χρυση,
1156 3692 1272 3779 ἔχουσα

105 3798 139 3858 τὸ
158 3799 262 3886 μάννα
278 3799 330 3858 καί
352 3791 501 3882 ηράβδος
525 3791 658 3879 Ἀαρὼν,
684 3794 927 3884 ηβλαστησασα,
951 3803 1003 3862 καί
1025 3795 1056 3862 αἱ
1079 3801 1197 3872 πλάκες
1218 3812 1273 3888 της

105 3901 268 3986 διαθήκης,
295 3936 335 3944 -
358 3899 472 3961 Verba:
502 3912 634 3987 χρυσοῦν
659 3903 775 3988 ἔχουσα
797 3906 996 3992 θυμιατήριον
1019 3905 1105 3966 valde
1128 3914 1273 3966 torserunt

105 4006 281 4086 interpretes.
315 4007 416 4068 Plures
441 4008 670 4088 (Oeccmcnius,
688 4009 903 4080 dominianus,
930 4011 1051 4083 Eetion,
1070 4008 1235 4074 Cornelius
1251 4035 1271 4073 ο

105 4113 186 4193 Lop.
202 4113 318 4192 aliique,
334 4113 490 4174 nonnullae
507 4113 596 4174 etiam
612 4113 754 4174 versiones
770 4113 907 4193 antiquae
924 4116 1046 4196 latinae)
1069 4115 1098 4176 iu
1115 4135 1149 4176 en
1164 4119 1271 4182 versati

196 4340 217 4406 ¹)
236 4340 285 4390 Cir.
313 4339 398 4392 W'mor
415 4343 526 4393 Gramm.
545 4345 612 4392 Anfl.
631 4341 669 4402 7.;
688 4343 724 4393 St.
744 4341 803 4396 231.
