3094 4892
548 331 710 398 paraphrasis
728 333 749 382 Ι.
772 328 849 382 1-3.
1243 333 1286 400 43

111 511 296 592 hypostatice
320 513 401 572 unita
422 513 469 588 sit,
485 511 619 574 Christus
641 533 700 592 qua
716 531 836 594 persona
859 533 950 593 eaque
975 513 1076 575 divina
1097 512 1285 594 coaequalem

111 620 176 680 Deo
191 619 274 680 Patri
290 617 384 681 locum
400 620 430 682 in
445 639 559 681 summo
581 637 676 681 rerum
698 619 819 700 imperio
843 629 931 692 tenet,
955 621 1032 701 qnod
1057 619 1132 681 iufra
1148 639 1175 684 v.
1194 621 1243 688 13.
1259 641 1285 681 e.

111 746 155 806 ps.
172 725 239 792 ΟΧ.
258 727 285 794 1.
301 729 447 807 probatur.
464 764 508 818 -Ι-
524 727 555 792 ἐν
571 724 700 813 ὑψηλοῖς
714 729 792 790 idem
807 736 852 790 est
866 749 900 790 ac
915 727 946 794 ἐν
963 739 1025 802 τοῖς
1041 725 1188 812 οὐρανοῖς.

201 835 249 896 Ex
264 833 348 896 dictis
364 844 455 914 patet,
471 834 695 897 classicnmesse
713 836 791 897 hunc
801 835 894 898 locum
911 834 1037 921 (1—3.)
1054 837 1285 916 adprobandum

112 939 222 1002 Christi
237 939 439 1016 divinitatem3
455 943 567 1006 Paulus
583 943 660 1004 enirn
676 943 723 1005 hin
739 944 886 1024 praedicat
901 942 1010 1005 Christi
1032 942 1282 1023 omnipotentiam,

62 1085 66 1094 ·
112 1047 253 1110 adscribit
268 1069 372 1128 nempe
388 1049 414 1110 ei
429 1053 603 1112 creationem
619 1059 650 1111 et
664 1051 910 1114 conservationem
927 1051 1037 1124 mundi,
1056 1059 1087 1112 et
1101 1069 1169 1112 eunt
1184 1050 1285 1131 splen·

115 1156 214 1216 dorem
230 1155 338 1236 gloriae
354 1166 384 1218 et
400 1158 522 1237 figuram
537 1157 720 1220 substantiae
735 1158 851 1222 divinae
872 1168 967 1231 vocat,
991 1158 1099 1240 quibus
1120 1157 1216 1218 verbis
1238 1157 1283 1220 di-

112 1261 214 1324 vinam
231 1262 339 1326 Christi
356 1272 491 1326 naturam
507 1265 583 1331 clare
598 1265 736 1334 edisserit.

521 1461 869 1544 Paraphrasis.

558 1605 630 1687 Cap.
646 1607 670 1673 1.
685 1625 733 1669 vv.
751 1607 846 1672 1-3.

204 1746 304 1818 Quum
320 1751 400 1812 Deus
415 1747 485 1810 olim
501 1757 630 1830 ternpore
645 1749 684 1809 V.
700 1747 734 1809 T.
752 1747 910 1810 maioribus
929 1749 1035 1809 nostris
1058 1747 1159 1810 multis
1173 1748 1285 1811 vicibus

113 1855 271 1936 multisque
286 1856 380 1918 modis
395 1874 447 1936 per
461 1855 558 1918 varios
574 1855 685 1936 legatos
700 1875 767 1917 suos
777 1855 917 1938 mysteria
932 1855 1031 1917 divina
1047 1855 1214 1930 revelasset,
1230 1876 1283 1919 no·
1361 1913 1367 1925 ,

113 1961 231 2023 vissime
246 1962 302 2024 hac
317 1972 417 2025 nostra
433 1971 529 2024 aetate
552 1981 603 2044 per
618 1964 715 2044 ipsum
738 1961 831 2024 filium
853 1981 939 2024 suum
961 1964 999 2024 ad
1022 1982 1074 2025 nos
1096 1963 1209 2025 locutus
1232 1972 1284 2036 est,

113 2089 200 2151 quem
215 2069 365 2132 dominum
381 2069 531 2132 coustituit
545 2087 639 2131 rerum
656 2069 884 2132 universalitatis
899 2088 1052 2152 perquem
1067 2071 1208 2133 muudum
1224 2080 1285 2132 ter-

113 2187 235 2239 restrem
251 2186 281 2237 et
296 2195 433 2258 superum
451 2177 570 2251 creavit,
585 2177 643 2258 qui,
659 2178 795 2258 quamvis
809 2176 849 2238 sit
865 2186 1000 2240 aeternus
1021 2188 1160 2259 pateruae
1176 2177 1284 2260 gloriae

114 2285 253 2365 splendor
267 2294 297 2344 et
312 2283 407 2364 imago
432 2303 570 2365 expressa
584 2285 767 2346 substantiae
788 2283 869 2346 illius
891 2303 941 2365 per
963 2285 1061 2348 omnia
1083 2285 1215 2367 aequalis
1230 2285 1284 2360 illi,

112 2412 132 2453 a
147 2412 205 2472 quo
220 2400 381 2471 generatur,
397 2391 503 2472 quique
518 2392 616 2454 omnia
625 2402 723 2454 creata
738 2394 904 2454 moderatur
913 2400 942 2452 et
956 2403 1107 2454 conservat
1122 2411 1173 2474 per
1188 2393 1284 2455 omni-

115 2498 276 2577 potentiam
299 2517 391 2570 suam,
414 2507 515 2560 tamen
537 2498 696 2580 assumpsit
719 2507 855 2560 naturam
877 2500 1037 2562 humanam
1059 2521 1094 2563 ac
1115 2499 1240 2562 moriens
1254 2498 1284 2561 in

112 2605 203 2668 crucis
219 2624 271 2666 ara
287 2604 474 2685 semetipsum
491 2605 618 2667 hostiam
641 2605 807 2668 immolavit
831 2624 882 2686 pro
905 2605 1030 2686 peccatis
1052 2607 1170 2682 nostris3
1195 2615 1284 2690 atque

113 2733 152 2773 ex
169 2713 226 2774 hac
241 2711 413 2774 demissione
429 2711 473 2773 sui
489 2723 603 2773 tantam
619 2711 674 2774 sibi
690 2713 806 2796 paravit
828 2711 958 2794 gloriam,
981 2725 1014 2776 ut
1029 2714 1174 2776 redivivus
1189 2734 1223 2775 ac
1238 2732 1285 2775 re-

113 2838 215 2881 versus
230 2818 259 2880 in
275 2818 387 2881 coelum
402 2819 440 2880 ad
450 2819 766 2900 comparticipat-ionem
776 2841 907 2882 summae
918 2821 1079 2884 maiestatis
1095 2830 1124 2882 et
1132 2821 1286 2904 potestatis

111 2924 210 2987 Patris
225 2924 270 2987 sui
286 2925 417 2988 coelestis
432 2926 582 2989 exaltatus
597 2925 692 2990 fuerit
