3094 4892
541 355 582 408 De
599 362 745 424 mgnmemo
764 357 892 420 spinolas.
1262 361 1305 428 25

131 534 181 610 sit,
196 535 324 616 angelos,
340 536 472 618 Moysen,
491 534 642 599 Amonrnn
657 545 831 618 cunctosque
846 536 997 618 pontifices
1021 537 1106 621 longe
1120 537 1305 622 maximeque

132 651 250 724 superet
273 643 311 728 (I.
336 645 392 708 1-
402 643 440 704 V.
479 640 551 728 ro).
590 643 666 706 Dein
695 643 835 725 singulari
859 643 1011 726 diligentia
1031 646 1168 709 describit
1196 646 1307 733 duplex

133 748 243 812 Christi
259 749 415 812 sacerdotis
430 751 468 811 ad
483 749 626 813 rationem
641 749 866 813 Melchisedechi
881 753 1037 833 negotium,
1056 774 1114 834 quo
1129 764 1160 816 et
1173 753 1244 816 olim
1259 755 1306 818 his

131 857 262 920 interris
285 856 380 937 generi
403 857 532 918 humano
554 876 620 918 cum
642 858 705 919 Deo
727 857 936 920 reconciliando
957 859 1110 935 consuluit,
1132 871 1164 923 et
1177 879 1261 942 porro
1275 862 1306 924 in

132 964 219 1026 on'elis
235 982 335 1025 veram
351 964 502 1025 hominum
518 963 644 1025 salutem
660 963 860 1045 potentissime
882 966 1012 1041 adiuvat,
1035 967 1078 1029 ita
1098 977 1133 1028 ut
1153 979 1305 1050 appareat,
1339 986 1342 993 ·

131 1071 217 1133 illum
232 1073 410 1133 sacerdotem
434 1091 497 1133 esse
520 1089 675 1144 summum,
698 1071 947 1152 perfectissimum,
968 1083 1126 1148 aeternum,
1151 1075 1305 1139 coelestem

133 1176 188 1263 (V.
213 1177 386 1242 ll—VIII.
411 1175 468 1263 5,).
507 1176 735 1240 Aoouratissime
757 1197 870 1259 quoque
892 1179 1015 1261 exponit
1037 1199 1138 1242 veram
1161 1183 1304 1246 ratiomm

131 1286 335 1347 sacdficiorum
351 1295 381 1346 et
395 1285 486 1346 totius
501 1285 597 1347 cultus
613 1284 745 1359 levitici,
760 1295 849 1368 atque
871 1288 963 1360 docet,
986 1287 1132 1351 sacrificiis
1155 1301 1186 1352 et
1199 1289 1304 1353 ritibus

130 1393 153 1454 J
154 1393 261 1454 udaieis
278 1413 334 1454 nou
350 1413 415 1453 earn
431 1393 524 1454 inesse
538 1393 607 1466 viru,
624 1403 658 1454 ut
673 1393 823 1456 hominurn
838 1394 952 1456 animos
966 1397 1158 1476 tranquillare
1172 1407 1203 1459 et
1217 1400 1303 1460 beare

131 1499 252 1581 possint,
268 1502 318 1562 sed
334 1501 439 1562 sicum
455 1499 565 1562 Christi
580 1500 719 1564 sacrificio
728 1519 795 1562 vere
810 1501 972 1582 expiatorio
981 1514 1192 1584 comparentur,
1208 1523 1304 1568 meras

132 1609 251 1669 umbras
266 1627 329 1671 esse
352 1617 442 1690 atque
463 1608 621 1688 imagines3
644 1608 808 1689 quarelam
824 1627 875 1689 per
889 1607 1039 1672 Christum
1054 1612 1226 1691 abrogarem
1242 1633 1304 1675 esse

131 1715 372 1795 imperfectiorem
387 1715 470 1776 illam
486 1715 542 1776 Dei
565 1715 676 1776 colendi
698 1715 849 1789 rationem,
875 1715 962 1796 idque
982 1737 1020 1778 ex
1039 1717 1110 1798 ipsis
1124 1717 1304 1784 ludaeorum

131 1821 214 1884 libris
229 1843 267 1888 ss.
282 1823 399 1903 probari
415 1833 446 1884 et
459 1822 622 1884 confirmari
641 1841 736 1903 posse,
751 1821 781 1884 in
796 1821 903 1904 quibus
925 1821 1105 1903 praedictum
1126 1823 1172 1898 sit,
1195 1826 1255 1887 fore
1270 1837 1304 1888 ut

130 1929 288 2011 aliquando
303 1931 399 1992 cultus
414 1929 563 1992 leviticus
578 1930 742 2010 abrogetur,
758 1939 788 1991 et
803 1929 953 2010 perfectior
967 1929 1067 2012 religio
1082 1930 1113 1992 in
1129 1931 1224 1994 locum
1233 1934 1303 1996 Mo-

130 2037 225 2100 saicae
240 2041 375 2100 succedat
391 2036 491 2123 (VIII.
508 2037 617 2102 6—X.
636 2034 709 2121 18.).
741 2036 874 2118 Denique
888 2037 1014 2118 repetita
1027 2039 1090 2101 vioe
1100 2039 1219 2102 lectores
1233 2059 1303 2122 gra-

130 2145 205 2208 viter
219 2147 387 2216 cohortatur
400 2147 439 2207 ad
453 2145 700 2226 perseverantiam
722 2144 752 2206 in
769 2145 931 2226 profitenda
951 2145 1096 2228 religione,
1118 2167 1193 2229 quae
1214 2167 1303 2212 orna-

131 2253 236 2316 mentis
252 2253 336 2335 longe
351 2253 519 2327 maioribus,
534 2271 624 2334 quarn
639 2253 694 2314 illa
708 2253 894 2333 antiquitate,
910 2253 1087 2316 seseauimis
1102 2258 1301 2333 commendam

130 2382 236 2442 eosque
251 2361 415 2423 fortissimis
430 2361 576 2422 rationum
597 2360 753 2422 momentis
775 2361 948 2434 consolator,
971 2381 1006 2421 ne
1029 2361 1249 2426 calamitatibm
1263 2365 1302 2427 nb

129 2479 311 2531 constantem
326 2469 392 2530 fidei
402 2467 609 2550 professionem
624 2467 894 2529 acdeclarationem
910 2468 999 2547 pressi
1016 2469 1148 2530 animum
1162 2469 1303 2533 obiiciant

131 2576 186 2658 (X.
204 2572 474 2659 19-x111.25.).

219 2681 357 2744 Ceterum
372 2681 498 2763 epistula
517 2682 555 2742 ad
578 2679 722 2760 Ephesios
746 2691 777 2742 et
792 2690 891 2742 nostra
914 2680 942 2741 iu
966 2701 999 2742 eo
1021 2683 1203 2756 conveniunt,
1225 2686 1302 2765 quod

131 2799 256 2871 utraque
270 2789 482 2870 praestantiam
498 2787 645 2868 religionis
659 2786 835 2849 christianae
857 2797 973 2860 tractat,
998 2790 1048 2849 sed
1071 2789 1125 2850 illa
1147 2799 1302 2871 praestan-

130 2897 203 2958 tiarn
220 2897 281 2958 cius
306 2915 376 2978 prae
391 2895 469 2957 omni
492 2893 640 2976 sapientia
659 2896 798 2965 hnmana,
821 2896 894 2955 haec
916 2896 1126 2975 praestantiam
1149 2895 1211 2959 eins
1232 2915 1302 2979 prae

130 3014 228 3065 vetere
245 3004 306 3085 lege
322 3003 461 3066 Mosaiea
494 3002 593 3064 Etiam
618 3000 749 3083 epistolis
772 3003 809 3062 ad
825 3001 976 3064 Romanos
998 3011 1029 3062 et
1043 2999 1172 3066 Galatas
1195 3023 1303 3086 magua

131 3121 177 3172 est
192 3129 257 3172 oum
273 3113 329 3172 hac
343 3113 382 3172 ad
397 3111 549 3172 Hebraeos
564 3108 727 3189 argumenti
743 3108 880 3180 affinitas,
903 3128 969 3170 cum
985 3127 1085 3171 omnes
1099 3121 1159 3172 tres
1173 3111 1304 3184 doceant,

131 3235 231 3278 veram
247 3217 479 3280 iustificatiouem
496 3237 553 3277 nou
568 3236 584 3276 e
601 3216 671 3296 lege,
698 3216 779 3276 seda
795 3213 912 3278 Christo
934 3217 1093 3296 perfidem
1118 3217 1217 3279 vivam
1240 3237 1304 3280 esse

130 3326 296 3406 petendam.

222 3431 364 3494 Materiae
379 3439 478 3493 autem
493 3430 523 3494 in
538 3428 660 3510 singulis
675 3430 817 3514 epistolae
832 3433 870 3492 ad
886 3431 1037 3493 Hebraeos
1045 3432 1220 3495 sectionibus
1235 3450 1304 3514 prn-

134 3538 247 3621 positae
263 3539 347 3601 iuxta
362 3548 530 3619 sequentem
546 3537 716 3600 divisionem
731 3547 853 3618 possum
867 3538 999 3603 ordinari.
1008 3536 1032 3623 1)

223 3648 409 3710 &ordiam
423 3645 579 3707 sublimem
602 3643 751 3706 continens
766 3645 1057 3726 circumscriptionem
1082 3645 1198 3708 divinae
1219 3663 1304 3707 reve-

133 3752 251 3816 lationis
267 3753 421 3814 inchoatae
437 3752 467 3813 iu
482 3755 521 3816 V.
538 3753 582 3825 T,
598 3751 761 3831 completae
776 3761 874 3813 autern
891 3753 920 3812 iu
936 3750 1061 3824 Christo,
1077 3751 1132 3813 Dei
1147 3751 1223 3813 mtto
1238 3771 1304 3814 om-

132 3861 269 3942 niumque
286 3866 381 3924 r'erum
397 3859 532 3933 Domino,
548 3858 648 3920 mundi
664 3857 818 3931 conditore,
833 3868 864 3920 et
875 3861 1074 3940 gubernatore,
1089 3857 1240 3920 hominum
1255 3876 1304 3919 re-

132 3970 263 4029 demtore
277 3987 312 4029 ac
327 3965 417 4028 divini
432 3965 545 4046 imperii
561 3964 703 4046 participe
718 3967 742 4026 1.
761 3968 855 4032 1-3.

222 4073 311 4138 Pare
326 4075 507 4156 dogmatica
522 4073 550 4134 Ι.
567 4069 684 4138 4-Χ,
701 4073 753 4137 18.

225 4301 245 4372 ¹)
264 4303 314 4353 Cfr.
333 4305 474 4370 argumenti
492 4305 611 4370 epistolae
629 4304 661 4353 sd
679 4304 806 4354 Hebraeos
824 4302 1014 4352 delineationem
1038 4317 1054 4352 a
1072 4299 1226 4353 murm
1243 4301 1261 4355 l.
1278 4315 1302 4354 a

131 4391 169 4446 sa
188 4391 231 4447 el.
252 4393 280 4444 rt

1117 4497 1146 4549 3.
