3094 4892
250 305 295 373 42
730 310 856 373 Expositis
873 311 895 362 Ι.
912 309 940 364 8.

250 487 344 550 Filius
366 487 420 552 Dei
445 501 490 552 est
504 507 642 570 expressa
663 490 760 572 imago
784 492 889 566 Patris,
913 492 983 574 quia
1006 494 1126 555 Patrem
1152 493 1193 556 sic
1214 505 1435 574 repraesentat,

251 607 284 660 ut
299 597 424 659 essentia
439 617 489 660 seu
512 609 617 660 natura
632 598 730 660 Patris
755 599 783 660 in
807 599 869 680 ipso
890 600 1096 682 perfectissime
1120 601 1255 665 reluceat
1288 602 1435 664 Fsseutia

251 723 354 786 nempe
370 703 469 768 divina
494 707 634 788 seipsam
651 707 679 768 in
696 703 790 791 Λόγῳ
805 727 855 768 seu
871 707 948 770 Filio
963 728 1000 770 ex
1016 708 1080 790 ipsa
1089 710 1261 790 procedente
1276 708 1434 789 exprimit,

250 812 335 874 etsie
350 813 431 876 Deus
447 835 478 874 se
493 813 589 894 ipsum
605 831 701 876 coram
716 835 747 876 se
763 814 933 877 manifestat
948 824 979 878 et
993 815 1137 891 intuetur3
1161 815 1249 878 huius
1263 815 1380 889 obiecti,
1398 815 1433 877 in

249 941 308 1002 quo
324 921 404 982 Deus
419 941 449 982 se
465 919 561 1002 ipsum
577 920 714 994 intuetur,
730 921 813 984 nulla
828 924 915 984 datur
929 923 1025 1004 aptior
1047 923 1242 1004 compellatio,
1266 922 1322 984 nisi
1346 922 1432 996 Filii,

248 1027 298 1110 qui
314 1037 417 1110 suapte
434 1039 539 1090 natura
554 1039 598 1089 est
614 1028 821 1108 perfectissima
837 1039 867 1091 et
881 1030 1138 1092 consubstantialis
1160 1031 1257 1114 imago
1272 1028 1432 1094 Genitoris

249 1135 301 1199 sui.
321 1171 359 1180 -
386 1133 547 1209 ὑπόστασις
570 1135 683 1218 proprie
710 1139 830 1198 denotat
853 1137 1083 1212 fundamentum,
1106 1139 1245 1213 fulcrum3
1267 1137 1334 1200 dein
1355 1156 1432 1200 vero

248 1263 335 1304 omne
352 1241 543 1324 suppositum,
559 1261 619 1304 rem
635 1261 702 1304 vere
717 1243 899 1319 existentem,
921 1263 1022 1307 veram
1044 1245 1239 1320 existentiam,
1256 1245 1431 1317 essentiam,

252 1349 457 1424 substantiam,
474 1359 618 1426 naturam,
628 1361 660 1414 ut
669 1351 745 1414 idem
752 1352 791 1414 sit
800 1353 876 1434 quod
886 1349 972 1419 οὐσία
987 1362 1017 1415 et
1031 1359 1217 1440 pbnthuam
1226 1353 1431 1435 posteriorem,

249 1456 488 1537 significationem
496 1469 650 1522 contextus
660 1459 818 1523 necessario
828 1460 994 1542 postulatet
1003 1460 1127 1524 auctoris
1134 1461 1284 1524 consilium
1293 1460 1431 1542 flagitat3

249 1565 400 1646 apostolus
415 1565 491 1628 enim
508 1567 536 1628 in
553 1587 587 1630 eo
603 1577 741 1642 versatur,
757 1577 791 1631 ut
805 1567 953 1642 exhibeat,
968 1569 1033 1650 quis
1048 1567 1200 1650 qualisque
1216 1569 1255 1631 sit
1270 1567 1428 1643 Christus;

248 1671 357 1734 scilicet
377 1673 473 1756 imago
496 1675 583 1757 plane
605 1675 736 1758 aequalis
759 1675 909 1749 essentiae,
936 1685 1065 1748 naturae,
1088 1676 1270 1738 substantiae
1293 1675 1425 1737 divinae.

248 1780 416 1860 Designatio
431 1781 498 1845 Filii
514 1804 573 1864 qua
588 1791 749 1872 χαρακτήρ
765 1783 946 1845 substantiae
962 1783 1076 1846 divinae
1091 1783 1209 1846 conferri
1232 1791 1330 1864 potest
1353 1802 1425 1845 cum

248 1887 325 1952 Phil.
340 1888 381 1956 Η.
396 1890 435 1963 6.,
461 1889 509 1952 ubi
526 1889 659 1952 Christus
681 1893 721 1953 ab
743 1903 859 1954 aeterno
881 1890 911 1956 ἐν
928 1904 1031 1979 μορφῇ
1048 1890 1125 1957 Θεοῦ
1149 1889 1295 1952 exstitisse
1320 1889 1425 1970 perhi-

250 1995 341 2056 betur.
357 2030 401 2042 -
417 1996 524 2059 Verbis
549 2005 649 2084 φέρων
665 2021 696 2063 τε
719 2003 756 2063 τὰ
773 2005 868 2064 πάντα
889 1998 960 2060 dicit
981 2009 1088 2076 auctor,
1111 1998 1219 2060 Filium
1235 1996 1290 2059 Dei
1312 1995 1425 2070 omnia,

246 2103 415 2181 quaefacta
432 2115 508 2178 sunt,
531 2105 673 2168 sustinere
694 2115 724 2166 et
747 2123 915 2169 conservare
936 2107 1026 2168 verbo
1047 2125 1098 2168 seu
1122 2105 1243 2188 imperio
1263 2102 1425 2186 potcstatis

245 2227 334 2284 suae3
351 2208 369 2270 i.
386 2229 410 2274 e.
426 2209 615 2292 omnipotenti
638 2233 692 2274 sua
714 2213 879 2288 voluntate3
903 2215 979 2294 quod
995 2213 1024 2274 ni
1041 2215 1155 2290 faceret,
1180 2213 1280 2276 omnia
1300 2211 1422 2273 relabe-

248 2322 347 2376 rentur
369 2314 398 2377 in
423 2317 556 2385 nihilum.
578 2355 622 2366 -
645 2319 753 2382 Verbis
775 2317 815 2386 δι’
839 2319 947 2387 ἑαυτοῦ
968 2323 1162 2408 καθαρισμὸν
1186 2333 1243 2385 τῶν
1264 2317 1421 2406 ἁμαρτιῶν

244 2430 449 2511 ποιησάμενος
465 2425 599 2489 Christus
615 2447 674 2508 qua
689 2447 820 2490 summus
840 2429 971 2492 sarcerdos
986 2428 1107 2490 humaui
1123 2428 1232 2509 generis
1247 2426 1420 2500 exhibetur;

243 2531 405 2612 expressio:
422 2530 460 2598 δι’
476 2531 585 2600 ἑαυτοῦ
601 2535 718 2608 iudicat,
734 2533 882 2596 Christum
899 2535 1074 2616 expiationis
1089 2555 1162 2616 opus
1177 2535 1294 2616 propria
1309 2533 1419 2595 virtute

243 2658 335 2720 eaque
350 2640 450 2702 diviua
464 2641 597 2703 effecisse.
629 2641 763 2705 Christus
778 2642 876 2723 itaque
895 2641 995 2714 effecit,
1017 2644 1093 2724 quod
1116 2641 1309 2704 sacerdotium
1324 2639 1364 2702 V.
1382 2639 1417 2704 T.

245 2766 302 2808 non
318 2749 437 2821 efficere,
459 2750 509 2810 sed
534 2748 715 2812 solummodo
738 2750 930 2831 praefigurare
953 2750 1064 2831 potuit;
1096 2769 1153 2812 nou
1175 2749 1272 2830 potuit
1295 2749 1417 2834 efficere,

245 2854 315 2937 quia
329 2854 384 2938 ipsi
400 2857 500 2918 deerat
515 2856 651 2919 salutaris
667 2858 772 2930 hostia,
787 2875 838 2938 per
853 2877 884 2919 se
893 2857 1026 2920 absolute
1036 2858 1180 2920 sufficiens
1195 2867 1224 2918 et
1234 2855 1416 2918 sanctissimo
1528 2855 1529 2882 ³

244 2964 308 3025 Deo
330 2965 455 3044 perfecte
479 2965 628 3045 condigna,
656 2964 776 3045 ideoque
798 2966 836 3026 ad
865 2965 1042 3046 placandum
1064 2967 1160 3028 Deum
1184 2965 1309 3044 perfecte
1333 2971 1414 3043 apta.

242 3071 329 3132 Hanc
343 3070 470 3134 hostiam
487 3069 621 3134 Christus
637 3071 888 3135 innocentissimus
903 3091 934 3134 se
950 3071 1046 3152 ipsum
1063 3071 1186 3146 obtulit;
1209 3081 1239 3132 et
1254 3071 1328 3132 haec
1343 3089 1413 3130 snae

243 3176 442 3240 sanctissimae
464 3197 603 3260 personae
619 3179 729 3242 oblatio
752 3179 861 3261 pariter
882 3198 933 3260 per
949 3181 1052 3241 verba:
1077 3176 1114 3244 δι’
1132 3177 1240 3244 ἑαυτοῦ
1262 3175 1411 3247 indicatur,

246 3305 321 3366 quae
337 3285 455 3367 proinde
471 3286 616 3368 duplicem
632 3306 748 3348 sensum
764 3287 912 3350 continent
932 3297 961 3348 et
976 3295 1090 3368 praeter
1105 3286 1233 3348 divinam
1249 3284 1412 3346 sanctifica-

243 3391 329 3456 tionis
354 3393 493 3456 virtutem
518 3393 634 3456 Christo
664 3395 811 3475 propriam
842 3394 931 3456 etiarn
962 3394 1201 3476 perfectissimam
1227 3391 1411 3454 sanctitatem

242 3497 351 3560 Christi
367 3521 426 3580 qua
441 3500 567 3563 hominis
581 3501 737 3569 affirmant¹
770 3500 906 3564 Ceterum
929 3500 975 3563 his
997 3500 1094 3562 verbis
1110 3499 1260 3580 apostolus
1280 3496 1411 3559 adivina

242 3605 350 3669 Christi
367 3617 472 3669 natura
487 3609 525 3670 ad
540 3610 701 3671 humanam
722 3609 804 3676 redit.
820 3645 863 3656 -
880 3607 1023 3674 ἐκάθισεν
1041 3605 1071 3672 ἑν
1088 3608 1169 3692 δεξιᾷ
1192 3619 1246 3695 τῆς
1270 3607 1409 3692 μεγαλω-

243 3719 349 3802 σὺνης;
365 3716 463 3777 sedere
478 3717 515 3777 ad
536 3725 679 3778 texteram
701 3716 775 3797 regis
797 3718 954 3778 secundum
981 3734 1066 3777 usum
1089 3713 1222 3795 loquendi
1245 3712 1410 3774 hebraicum

244 3823 372 3897 denotat,
388 3843 533 3886 summam
549 3824 627 3905 regni
638 3824 808 3905 dignitatem
825 3835 854 3886 et
863 3821 1179 3904 comparticipationem
1189 3840 1254 3883 cum
1269 3827 1411 3900 potestate

243 3930 317 4012 regis
332 3950 391 4014 qua
406 3931 676 4014 plenipotentiarius
686 3931 814 3994 eiusdem
832 3930 968 4012 accipere.
987 3929 1121 3992 Christus
1131 3930 1218 3992 homo
1233 3929 1270 3990 ari
1280 3943 1411 4007 compar-

241 4037 440 4121 ticipationem
456 4039 576 4121 plenam
591 4049 620 4101 et
636 4041 795 4122 perlectam
810 4057 877 4100 cum
893 4047 1041 4118 potestate
1061 4047 1090 4098 et
1106 4036 1197 4118 gloria
1213 4034 1313 4097 divina
1327 4033 1410 4094 exal-

241 4155 322 4208 tatus
337 4146 473 4210 omnibus
488 4146 625 4209 creaturis
643 4145 781 4209 excelsior
796 4147 889 4208 sactus
906 4143 1032 4225 primum
1047 4153 1114 4226 post
1123 4142 1336 4206 sanctissimam
1345 4139 1409 4202 Tri-

238 4253 361 4316 nitatem
377 4253 472 4317 locum
491 4255 522 4316 in
539 4269 635 4316 rerum
651 4249 839 4317 universitate
853 4260 947 4327 tenet3
973 4251 1040 4325 imo,
1062 4270 1127 4314 cum
1150 4251 1281 4312 humana
1302 4247 1407 4311 Christi

234 4367 340 4424 natura
353 4357 512 4424 clarificata
525 4377 591 4422 cam
606 4359 733 4421 eiusdem
755 4367 860 4420 natura
881 4358 981 4422 divina
1002 4355 1239 4441 inseparabiliter
1264 4355 1363 4420 iuncta
1377 4367 1405 4420 at
