3064 4894
508 306 669 371 Perspbrcsis
687 308 746 358 VII.
768 306 862 356 1-10.

511 485 858 567 Paraphrasis

491 627 562 728 Gap.
589 645 658 713 VII,
687 666 734 710 vv,
767 646 881 710 1-10.

83 793 86 800 ¹
143 876 146 885 ,
195 811 253 870 Iste
269 807 524 880 Melchisedeohus,
534 825 584 868 rex
594 807 713 880 Salerni,
723 809 853 868 sacerdos
863 805 917 868 Dei
927 804 1070 877 altissimi,
1086 805 1135 885 qui
1150 805 1268 866 obviam

104 918 246 995 profectus
261 924 306 976 est
320 914 502 986 Abrabam,
518 933 581 976 curn
599 923 787 976 reverteretur
801 935 820 974 a
842 915 928 976 caede
949 931 1057 992 regum,
1073 921 1104 974 et
1121 911 1268 974 benedixit

102 1021 137 1094 ei,
154 1021 198 1084 cui
214 1031 243 1082 et
258 1021 398 1082 decimam
414 1029 527 1103 partem
537 1021 666 1081 omnium
681 1019 964 1092 deditAbrahamns,
981 1019 1077 1100 quiex
1092 1018 1268 1099 ipsastatim

101 1129 226 1204 nominis
241 1127 477 1212 interpretatione
491 1126 594 1188 dicitur
608 1145 659 1188 rex
674 1126 810 1199 iustitiae,
826 1127 927 1188 deinde
943 1145 980 1188 ex
990 1127 1068 1206 regni
1079 1125 1165 1186 titulo
1174 1125 1268 1187 dietus

102 1245 147 1296 est
163 1253 213 1296 rex
230 1233 338 1306 Salem,
355 1236 383 1298 b.
399 1254 422 1294 e.
439 1233 592 1313 respacis,
618 1233 698 1294 cuius
713 1253 805 1313 neque
830 1243 913 1312 pater
939 1253 1030 1313 neque
1053 1241 1146 1294 mater
1168 1231 1267 1312 expri-

100 1341 190 1402 mitur
205 1341 234 1402 in
251 1340 414 1421 seripturis,
430 1340 509 1400 cuius
525 1361 613 1418 genus
629 1349 658 1400 et
672 1338 750 1420 origo
765 1349 883 1411 tacetur,
899 1341 979 1402 cuius
994 1348 1074 1400 ortus
1090 1348 1120 1400 et
1134 1338 1267 1400 interitus

100 1448 251 1528 ignoratur
266 1458 295 1508 et
311 1448 359 1527 qui
375 1449 404 1508 in
421 1447 466 1508 his
481 1446 614 1508 omnibus
624 1447 746 1528 figuram
761 1456 790 1506 et
799 1446 1017 1509 similitudinem
1026 1446 1095 1509 Filii
1105 1446 1160 1506 Dei
1169 1444 1269 1524 gessit,

103 1572 219 1617 manere
235 1554 338 1614 dicitur
352 1553 484 1616 sacerdos
505 1552 534 1612 in
557 1562 714 1620 aeternum.
745 1554 831 1615 Nunc
851 1563 949 1614 autem
972 1549 1069 1616 animo
1091 1550 1267 1634 perpendite,

101 1681 191 1740 quarn
210 1660 336 1738 insignis,
353 1669 464 1739 quanta
478 1658 621 1739 dignitate¹
641 1659 809 1740 conspicuus
831 1658 869 1721 sit
891 1660 1149 1731 Melchisedechus‚
1171 1657 1215 1720 eui
1238 1665 1268 1718 et

99 1769 161 1848 ipse
179 1767 332 1828 Abrabam
349 1766 504 1846 praecipua
519 1787 556 1826 ex
566 1767 666 1846 spoliis
676 1775 705 1826 et
715 1766 964 1846 praestantissima
973 1765 1117 1846 deditque
1132 1765 1266 1838 decimas,

100 1875 256 1936 Abrabam
272 1873 321 1934 ilie
336 1873 489 1952 singularis
505 1873 604 1953 populi
620 1873 702 1934 electi
719 1875 814 1954 pater!
840 1873 932 1934 Etilli
942 1875 1066 1953 quidem,
1082 1872 1131 1954 qni
1147 1891 1184 1932 ex
1194 1872 1266 1932 Levi

98 1979 394 2061 posterissacerdotio
411 1981 576 2059 funguntur,
593 1981 749 2042 secundum
767 1981 856 2060 iegem
873 1977 988 2040 habent
1005 1979 1173 2040 facultatem
1190 1978 1266 2040 anci-

97 2085 195 2166 piendi
210 2108 229 2146 a
247 2085 355 2166 populo
371 2085 505 2158 decimas,
521 2086 539 2148 i.
555 2106 578 2150 e.
595 2106 614 2147 a
629 2085 689 2148 suis
704 2086 902 2166 popularibus,
919 2105 1098 2166 quamquam
1115 2085 1145 2146 hi
1160 2086 1200 2146 ab
1216 2104 1266 2146 eo-

98 2196 165 2254 dem
182 2201 264 2272 patre
281 2193 462 2266 Abrabamo,
479 2193 574 2272 pronti
590 2194 758 2265 sacerdotes,
775 2213 864 2272 genus
880 2195 995 2255 ducunt.
1019 2192 1267 2254 Melchisedecbns

99 2308 207 2372 autem,
223 2297 272 2378 qui
288 2297 425 2377 originem
444 2319 500 2360 non
516 2301 640 2360 ducebat
663 2319 700 2360 ex
716 2299 837 2380 posteris
851 2299 934 2372 Levi,
953 2301 992 2360 ab
1015 2299 1077 2378 ipso
1093 2298 1267 2360 Abrabamo

96 2405 297 2466 Israelitarum
314 2415 433 2484 parente
455 2405 582 2466 decimas
603 2405 713 2486 accepit
728 2405 807 2478 etei,
823 2405 872 2485 qui
893 2405 1095 2485 promissiones
1110 2415 1268 2485 acceperat,

97 2511 326 2574 benedictionem
350 2511 477 2572 divinam
502 2512 665 2592 impertitus
686 2522 738 2572 est.
777 2511 846 2574 Sine
870 2512 933 2572 ulla
955 2521 1053 2572 autem
1076 2512 1268 2573 controversia

97 2618 214 2686 inferior
229 2617 335 2698 accipit
352 2618 576 2680 benedictionem
593 2639 611 2679 a
626 2619 777 2698 superiore.
816 2620 855 2680 Et
870 2619 986 2698 quidem
1001 2619 1085 2680 iuxta
1101 2617 1192 2696 legem
1209 2618 1269 2678 Le-

98 2724 220 2786 vitieam
237 2725 363 2786 decimas
378 2725 523 2806 accipiunt
538 2727 708 2798 sacerdotes,
724 2725 773 2805 qui
790 2734 881 2788 morte
896 2745 950 2786 sua
965 2724 1031 2786 aliis
1041 2724 1136 2786 locum
1146 2726 1266 2800 cedunt3

99 2831 331 2894 Melchisedechc
354 2850 430 2904 vero,
460 2832 509 2912 qui
538 2831 664 2894 decimas
686 2832 804 2911 accepit,
822 2832 1032 2894 testimonium
1055 2831 1223 2912 perhibetur
1238 2831 1267 2892 in

100 2938 260 3017 Scriptura,
277 2940 353 3018 quod
370 2939 459 3002 vivat.
492 2941 539 3010 Et,
564 2950 597 3000 ut
612 2940 654 3002 ita
669 2938 773 3014 dicam,
795 2956 846 3018 per
862 2938 1066 3000 Abrabamnm
1083 2937 1171 2998 etiam
1187 2936 1269 3010 Levi,

98 3043 194 3105 omnis
210 3045 303 3106 tribus
318 3046 511 3117 sacerdotalis,
537 3065 611 3125 quae
634 3045 760 3108 decimas
774 3044 886 3125 accipit,
909 3065 958 3104 eas
979 3045 1082 3118 solvit;
1105 3063 1174 3104 nam
1197 3043 1269 3104 Levi

99 3151 204 3224 adbuc,
220 3171 284 3216 cum
301 3161 363 3213 tcta
379 3152 456 3212 tribu
472 3173 533 3224 sna,
549 3174 617 3216 cao
632 3151 714 3232 qnasi
730 3171 794 3213 cum
811 3151 983 3214 Abrahamc
1006 3158 1125 3231 parente
1140 3170 1191 3212 suo
1208 3159 1270 3212 erat

99 3276 232 3338 persona,
249 3260 365 3338 quando
380 3258 629 3320 Melchisedeehus
645 3259 817 3320 Abrahamo
832 3257 950 3320 obviam
960 3261 1103 3340 profectus
1118 3266 1170 3330 est,
1187 3265 1216 3318 et
1230 3258 1270 3318 ab

98 3385 133 3428 eo
149 3365 291 3428 decimam
307 3367 431 3446 praedae
446 3375 559 3446 partem
575 3366 692 3445 accepit.

499 3542 571 3624 Cap.
586 3543 657 3606 VII.
674 3562 721 3604 vv.
741 3544 878 3607 11-28.

190 3688 351 3768 Postquam
367 3686 517 3765 apostolus
531 3685 559 3746 in
576 3684 811 3758 antecedentibus
827 3705 845 3746 a
861 3687 921 3750 v.4
970 3685 1017 3750 10.
1040 3683 1174 3758 ostendit,
1192 3683 1271 3744 Mel-

100 3795 303 3857 chisedecbum
327 3794 544 3856 eminentiorem
568 3813 629 3854 esse
651 3793 848 3858 sacerdotibus
870 3791 998 3864 iudaicis,
1021 3811 1096 3852 nnnc
1119 3788 1272 3869 respiciens

100 3903 195 3964 locum
214 3921 256 3980 ps.
274 3899 338 3962 CX.
355 3901 394 3973 4,
419 3921 438 3962 a
452 3921 479 3960 v.
499 3901 548 3964 li.
565 3919 654 3981 usque
670 3902 708 3962 ad
724 3901 811 3962 finem
827 3899 1126 3979 eapitisdemonstrat,
1142 3898 1271 3964 adventu

101 4007 212 4068 Christi
227 4007 382 4068 sacerdotis
396 4009 434 4068 ad
457 4007 596 4079 rationem
614 4007 847 4079 Melchisedecbi,
869 4005 1004 4068 omnibus
1019 4003 1155 4066 leviticis
1176 4019 1272 4064 sacer-

101 4114 220 4177 dotibus
241 4113 325 4194 longe
348 4113 573 4194 praestantioris,
598 4114 798 4176 Aaroniticum
821 4133 870 4174 seu
888 4111 1050 4174 Leviticum
1072 4109 1271 4182 sacerdotium,

101 4231 203 4302 utpote
213 4220 308 4282 minus
324 4220 467 4292 idoneum,
483 4222 521 4282 ad
531 4220 715 4285 tribuendam
725 4220 940 4282 salutembaud
950 4217 1102 4291 sufficiens
1112 4215 1271 4290 sublatum,

101 4349 135 4391 ac
151 4326 270 4408 proinde
286 4327 375 4390 etiam
391 4327 484 4410 legem
501 4327 664 4394 Mosaicam
679 4329 851 4412 abrogatam
867 4345 937 4393 esse.
