3064 4894
273 321 335 392 146
694 315 820 388 ιιιωκω
838 317 882 372 rr.
898 316 1011 373 12-14.
1101 305 1109 318 '

270 503 369 566 culum
383 501 569 564 Judaeomm.
600 503 704 582 ltaque
719 501 749 563 iu
765 501 863 581 aprico
879 502 1005 582 positum
1015 511 1067 576 est,
1083 523 1105 563 s.
1121 501 1248 563 Paulum
1264 505 1448 589 μοισκηιτην

271 611 300 672 h.
316 609 335 670 l.
352 609 512 688 significare
526 607 653 670 voluisse
668 607 824 668 exteriores
840 607 922 688 adyti
937 608 1068 669 coelestis
1081 617 1187 688 partes,
1202 625 1254 688 per
1268 627 1343 687 quas
1353 605 1449 669 Chri-

269 725 331 778 stus
353 716 391 776 ad
406 714 462 777 Dei
486 715 583 775 sedem
605 713 729 776 transiit.
759 713 845 774 Hauc
866 713 1132 794 interpretationem
1154 714 1264 794 egregie
1286 715 1447 775 coufirmat

269 821 320 883 loc.
337 819 442 902 parall.
457 819 512 882 lv.
531 822 589 892 14..
613 819 661 881 nbi
687 818 822 882 Christus
845 822 915 893 τοὺς
938 816 1083 904 οὖράνους
1104 819 1253 881 transiisse
1275 819 1390 890 dicitur,
1406 830 1445 880 ut

269 927 404 990 nimirum
419 927 458 988 ad
472 927 596 1006 adytum
612 925 782 1005 perveniret.
797 961 841 973 -
857 923 892 991 od
906 939 1019 1014 ταυτης
1040 939 1095 1015 της
1118 931 1251 1000 κτίσεως,
1264 945 1336 1012 ¹uon
1352 925 1445 987 huius

267 1032 434 1106 creationis;
449 1031 467 1092 i.
484 1051 507 1092 e.
524 1030 674 1104 terrestris,
691 1051 766 1112 quae
780 1033 936 1112 opponitur
953 1032 1067 1094 coelesti
1082 1033 1218 1095 creationi
1234 1049 1444 1112 supernae.—

265 1141 372 1220 Praep.
389 1141 438 1204 διά
453 1139 484 1203 h.
494 1137 512 1198 l.
530 1139 648 1199 modum
657 1147 687 1198 et
701 1137 842 1200 rationem
853 1139 994 1211 declarat,
1010 1159 1068 1219 qua
1078 1137 1211 1200 Christus
1227 1138 1352 1200 coeleste
1362 1139 1443 1219 ady-

268 1256 332 1308 tum
348 1243 516 1320 iutraverit3
532 1243 608 1304 iufra
624 1243 663 1326 (v.
674 1244 725 1308 22.
742 1253 772 1305 et
788 1241 853 1328 25.)
870 1253 1050 1325 permutatur
1066 1265 1131 1307 cum
1141 1263 1238 1325 praep.
1256 1244 1287 1311 ἐν
1303 1254 1335 1306 et
1350 1263 1443 1325 supra

267 1352 310 1437 (v.
326 1347 369 1434 l.)
387 1349 492 1430 legitur
514 1345 549 1414 οὐ
565 1354 662 1440 χωρίς
677 1347 813 1436 αἵματος.
829 1387 871 1396 -
897 1353 946 1414 διὰ
969 1361 1021 1416 τοῦ
1042 1349 1118 1415 ἰδίου
1134 1348 1261 1438 αἵματος
1277 1348 1441 1440 εἰςηλθεν;

267 1475 399 1520 summus
413 1455 593 1518 Judaeomm
608 1456 738 1536 pontifex
758 1457 936 1537 ingressurus
957 1456 987 1518 iu
1003 1455 1113 1520 Sancta
1128 1457 1301 1518 Sanctorum
1325 1457 1442 1518 hircum

271 1583 324 1648 pro
339 1562 465 1645 peccatis
480 1561 590 1643 populi,
606 1561 731 1623 vitulum
747 1582 797 1624 seu
813 1572 937 1624 taurum·
952 1581 1004 1643 pro
1025 1563 1084 1624 suis
1106 1562 1230 1643 peccatis
1251 1561 1441 1637 immolabat,

269 1689 423 1752 eorumque
449 1667 618 1749 sauguinem
643 1667 767 1730 infereus
791 1687 874 1734 arcae
899 1687 997 1731 sacrae
1020 1669 1187 1749 operculum
1210 1670 1388 1749 aspergebat
1412 1679 1443 1729 et

266 1798 319 1840 sua
334 1775 492 1858 populique
514 1784 634 1855 peccata
655 1775 812 1855 expiabat;
835 1774 969 1838 Christus
991 1795 1059 1838 vero
1083 1775 1199 1856 proprio
1220 1795 1272 1836 suo
1294 1775 1440 1855 sauguine

265 1883 397 1946 homiues
419 1881 542 1962 expians
564 1880 593 1941 iu
618 1881 802 1942 sanctissima
825 1881 895 1943 coeli
918 1881 1060 1962 ingressus
1081 1891 1134 1942 est.
1151 1917 1190 1930 -
1208 1881 1324 1946 Dicitur
1346 1881 1438 1942 etiam

266 1988 406 2078 σίτηλδεν
424 1986 543 2073 ἐφάπαξ
565 1985 607 2060 εἰς
630 1991 668 2051 τὰ
690 1985 769 2068 ἅγια,
790 1983 910 2052 αἰωνίαν
933 1991 1079 2073 λίτρωσιν
1102 1984 1276 2074 εὑράμενος,
1298 1987 1394 2049 semel
1409 1997 1439 2048 et

267 2106 386 2158 aeterna
400 2093 576 2155 redemtione
585 2103 771 2175 oonrparata;
788 2103 879 2154 morte
888 2094 964 2156 euim
975 2115 1028 2156 sua
1038 2092 1436 2174 comparavitexpiatiouem

267 2202 383 2264 veniam
408 2208 590 2280 peccatorum
613 2209 751 2279 perpetuo
772 2199 937 2267 valituram.
956 2237 996 2248 -
1014 2200 1209 2263 Pulcherrima
1230 2208 1306 2261 certe
1328 2203 1438 2280 probat

265 2308 312 2370 hio
321 2307 410 2379 locus,
418 2303 565 2366 Christum
576 2325 665 2385 genus
673 2307 831 2367 humanum
841 2315 932 2368 morte
941 2327 994 2368 sua
1001 2307 1163 2380 redemisse,
1170 2305 1223 2378 uti,
1230 2313 1351 2386 peccata
1358 2325 1437 2386 qna-

268 2414 429 2492 liaouuque,
436 2410 574 2493 originale
581 2420 610 2472 et
617 2411 745 2472 actualia
759 2413 902 2474 obiectum
917 2412 1089 2475 constituere
1101 2410 1307 2474 satisfactionis
1316 2409 1437 2476 Christi.

351 2539 380 2584 v.
399 2521 448 2585 13.
464 2515 500 2581 El
515 2521 574 2602 γὰρ
590 2522 623 2582 τὸ
639 2516 714 2603 αἱμα
729 2515 847 2602 τράγων
862 2524 913 2584 καί
927 2524 1051 2605 ταὺρων,
1068 2523 1120 2584 καί
1130 2519 1241 2592 σποδὸς
1257 2519 1433 2604 δαμάλεως,

262 2626 441 2714 ῥαντίζουσα
456 2627 527 2699 τοὺς
543 2629 790 2709 κεκοινωμένους,
815 2623 930 2706 ἁγιάζει
951 2631 1026 2711 πρὸς
1042 2633 1095 2714 τὴν
1111 2639 1164 2712 τῆς
1188 2629 1301 2708 σαρκὸς
1325 2627 1433 2688 καθα-

262 2739 382 2818 ρότητα·
398 2765 443 2776 -
466 2728 614 2789 Christum
639 2746 758 2808 parasse
780 2729 976 2810 expiationem
999 2741 1138 2811 perpetuo
1160 2730 1328 2803 valituram,
1344 2730 1433 2810 Apo·
1505 2757 1507 2821 s

260 2838 353 2927 stolus
368 2854 452 2917 porro
461 2835 650 2907 conclusione,
666 2855 755 2914 quam
770 2837 877 2910 dicunt,
893 2857 912 2898 a
927 2837 1030 2899 minori
1046 2839 1083 2900 ad
1100 2837 1194 2898 inuios
1208 2837 1369 2899 coufirmat.
1386 2871 1431 2882 -
1503 2853 1505 2931 γ

260 2944 384 3006 Verbis:
401 2917 524 3015 ortod'oc'
528 2943 691 3027 δαμάλεως
706 2942 857 3022 respicitur
871 2945 953 3016 ritus,
968 2943 1049 3007 cuins
1066 2945 1173 3004 mentio
1188 2943 1222 3003 lit
1237 2943 1326 3005 Num.
1337 2942 1430 3007 XIX.

259 3048 319 3120 Qui
335 3047 471 3110 uimimm
494 3050 617 3110 cadaver
643 3050 805 3110 humanum
824 3049 972 3130 attigerat,
994 3051 1235 3131 conspergebatur
1263 3068 1343 3128 aqna
1363 3068 1430 3110 cnm

259 3156 351 3219 cinere
367 3155 462 3216 mixta
477 3154 613 3217 iuvencae
629 3154 762 3228 davidae,
778 3156 823 3217 cni
839 3156 938 3237 iugum
953 3159 1081 3219 noudum
1091 3155 1259 3236 impositum
1275 3154 1380 3227 fuerat,
1396 3167 1431 3216 nt

258 3281 348 3344 purus
362 3263 534 3324 redderetur.
565 3263 622 3324 Pro
637 3281 716 3342 aqua
726 3261 839 3323 lustrali
855 3263 1019 3343 appellavit
1027 3262 1177 3342 apostolus
1192 3261 1286 3342 ipsum
1303 3260 1428 3323 cinerem

258 3366 410 3431 brevitatis
418 3387 507 3430 cansa
522 3367 552 3429 iu
567 3385 598 3430 re
608 3368 762 3430 lectoribus
777 3369 849 3430 satis
865 3379 942 3442 nota,
958 3379 988 3430 et
1003 3371 1080 3450 quod
1095 3369 1121 3430 ei
1137 3367 1210 3430 satis
1224 3366 1281 3428 fuit
1294 3366 1333 3441 id,
1351 3370 1427 3448 quod

258 3475 335 3537 bmti
351 3482 434 3548 esset,
450 3493 704 3549 commemorasse;
729 3475 836 3557 quippe
860 3477 906 3536 his
932 3476 1023 3537 brutis
1045 3493 1183 3555 personae
1205 3472 1315 3535 Christi
1340 3495 1427 3536 sanc-

257 3581 388 3643 tissimae
404 3581 552 3662 oppositis.
568 3617 612 3628 --
622 3595 677 3669 της
692 3586 807 3666 σαρκὸς
821 3586 1001 3669 καθαρότης
1018 3580 1076 3666 (cni
1091 3581 1245 3663 opponitur
1260 3593 1315 3669 της
1331 3605 1427 3646 συνει-

256 3692 371 3778 δησεως
385 3687 579 3774 καθαρότης)
594 3687 704 3750 indicat
720 3687 843 3767 legalem
860 3688 1031 3749 munditiem
1047 3696 1207 3754 externam.

344 3815 371 3856 v.
393 3798 438 3860 14.
455 3802 538 3879 πόση)
554 3796 673 3880 μᾶλλον
690 3799 723 3858 ιδ
739 3792 814 3880 αἷμα
829 3805 881 3858 τοῦ
898 3793 1038 3878 Χριστοῦ,
1055 3796 1088 3868 ὃς
1099 3795 1148 3858 διὰ
1163 3798 1333 3880 πνευματος
1350 3793 1424 3859 αἰω-

253 3907 316 3967 νίου
339 3899 445 3966 ἑαυτὸν
467 3907 665 3987 προςηνεγκεν
688 3899 815 3987 ἄμωμον
844 3912 885 3985 τῷ
908 3899 983 3986 Θεῷ,
1018 3903 1162 3985 καθαριεῖ
1182 3905 1236 3988 την
1259 3902 1424 3987 συνείδησιν

253 4007 337 4095 ἡμων
354 4006 413 4072 ἀπὸ
430 4019 541 4090 νεκρῶν
558 4006 651 4090 ἔργων
668 4002 710 4080 είς
733 4012 766 4072 τὸ
791 4009 944 4090 λατρείιειν
962 4005 1027 4091 Θεῷ
1051 4011 1150 4082 ζῶντα
1176 4043 1220 4052 —-
1242 4007 1329 4070 Nunc
1351 4028 1423 4088 apo-

141 4174 147 4180 ,
252 4113 345 4174 stolus
360 4115 470 4174 confert
485 4113 601 4174 effectus
622 4113 722 4174 mortis
744 4133 795 4174 seu
816 4111 964 4192 sanguinis
980 4111 1088 4186 Christi
1111 4132 1176 4190 cnm
1191 4111 1221 4172 vi
1237 4114 1350 4187 mortis,
1374 4135 1422 4176 seu

252 4218 401 4298 sauguinis
423 4217 625 4280 sacrificiorum
647 4219 685 4283 V.
702 4221 735 4281 T.
759 4253 803 4264 -
819 4219 875 4278 Pro
890 4222 1058 4304 πνευματος
1080 4215 1200 4284 αἰωνίου
1222 4218 1252 4280 iu
1276 4220 1422 4282 nonnullis

252 4321 397 4386 codicibus
412 4332 511 4383 exstat
525 4321 620 4404 ἁγίου,
637 4326 813 4404 eandemque
829 4323 979 4385 lectionem
995 4326 1136 4387 exhibent
1151 4325 1249 4406 plures
1264 4325 1419 4398 versiones,
