3064 4894
263 307 325 372 102
702 306 827 374 messae
844 307 891 358 vu
910 305 989 356 4-6.

260 484 388 548 tmsistis
403 495 432 544 et
451 485 640 550 Νουαιίαηίε
655 484 763 568 eripere
779 493 906 566 possent,
920 484 1018 566 plures
1032 488 1194 562 orthodoxi,
1210 487 1260 569 qui
1276 490 1312 548 de
1331 489 1436 568 poeni-

260 589 360 664 tentis,
379 609 454 672 quae
463 600 530 672 post
541 591 719 672 baptismum
728 591 832 672 agitur,
847 592 1014 674 apostolum
1030 593 1077 654 hie
1087 593 1166 674 loqui
1176 596 1315 668 latentur,
1332 615 1434 656 voeem

261 695 406 764 ἀδὺνατον
422 716 472 778 per
486 697 616 778 difficile
632 697 813 778 interpretati
828 708 905 772 sunt,
920 699 963 760 ita
972 707 1007 760 ut
1020 719 1121 762 sensus
1130 701 1256 781 apostoli
1272 701 1327 762 sit:
1343 702 1436 764 ualde
1513 683 1514 690 ἵ

260 803 390 886 dsJJioils
405 824 478 876 esse,
494 803 591 884 utqui
607 813 674 884 post
689 803 868 885 baptismum
884 805 1013 886 prolapsi
1028 817 1097 867 suut
1110 807 1140 868 in
1156 808 1273 880 seelera,
1293 827 1348 889 per
1363 829 1436 889 poe-
1513 877 1514 888 χ

261 909 413 972 nitentium
446 909 644 976 restituantur.
684 909 741 972 Sed
767 911 835 972 huie
858 911 1045 991 explieetioui
1069 915 1177 987 obstat,
1206 916 1283 995 quod
1309 917 1435 976 verbum

260 1015 414 1090 ἀδύνατον,
431 1015 544 1097 quoties
559 1017 615 1078 bao
630 1015 659 1077 iu
675 1017 799 1097 epistola
820 1019 949 1092 uenunit,
974 1039 1031 1080 uon
1047 1019 1248 1082 difficultatem
1272 1023 1435 1101 quandam,

261 1123 310 1184 sed
330 1121 426 1204 potius
442 1121 706 1204 impossibilitatem
729 1124 896 1187 absolutam
918 1125 1058 1205 designet*
1072 1124 1116 1210 (V
1118 1127 1140 1187 1.
1159 1129 1224 1200 18.;
1246 1128 1289 1189 X
1304 1129 1355 1202 4.;
1378 1127 1438 1192 XL

261 1224 321 1314 6.);
338 1237 368 1291 et
383 1237 536 1310 propterea
550 1228 638 1290 etium
657 1229 684 1296 h.
702 1229 720 1294 l.
736 1229 765 1292 in
775 1232 876 1292 eadem
886 1231 1274 1312 signifieationesumendum
1285 1242 1341 1298 est
1358 1233 1437 1294 Dein

261 1335 361 1398 obstat
376 1334 464 1396 etiem
481 1333 618 1397 orationis
633 1343 799 1410 eoutextus;
815 1339 925 1398 namsi
941 1337 1053 1399 nonnisi
1063 1338 1178 1400 difficile
1187 1348 1273 1412 esset,
1289 1339 1368 1412 illos,
1386 1339 1437 1420 qui

261 1440 389 1504 aselute
405 1441 578 1514 deleueruut,
594 1459 646 1522 per
660 1442 814 1522 repetitam
830 1442 987 1524 primorum
996 1443 1142 1525 religionis
1156 1445 1369 1507 elementorum
1380 1465 1436 1506 ex-

261 1545 446 1628 plieationem
462 1549 500 1610 ed
516 1567 618 1610 seusus
632 1547 677 1610 eui
694 1548 723 1610 in
738 1549 842 1610 melius
852 1549 1042 1612 mutationem
1058 1568 1200 1628 revenere,
1216 1551 1318 1632 utique
1334 1561 1438 1614 auctor

261 1653 334 1716 bueo
355 1651 449 1734 prima
471 1653 617 1735 religionis
649 1653 813 1716 rudimenta
841 1675 875 1717 eo
899 1657 1018 1735 gravius
1040 1657 1182 1720 inculeare
1209 1658 1368 1720 debuisset.
1392 1695 1437 1706 -

261 1757 396 1823 Aliorum
413 1763 592 1842 quorundam
610 1759 706 1840 opinio
721 1769 774 1834 est,
790 1763 902 1843 proprie
918 1762 1035 1843 quidem
1057 1763 1254 1843 accipiendum
1278 1784 1343 1826 esse
1359 1764 1437 1832 ddi)-

261 1889 366 1944 νατον;
382 1869 432 1930 sed
448 1867 539 1942 aiunt,
556 1866 654 1946 negari
667 1869 969 1952 poeniteutiampost
983 1879 1116 1932 mortem
1126 1868 1169 1942 iis,
1185 1869 1234 1950 qui
1249 1871 1347 1932 vitam
1359 1873 1436 1935 hauc

262 1971 292 2036 iu
307 1973 421 2054 mugnis
437 1973 561 2054 pereatis
577 1972 709 2038 finierint.
740 1973 798 2036 Sed
813 1973 844 2036 in
859 1975 914 2036 hoo
928 1995 1014 2036 seusu
1030 1975 1186 2038 refellendo
1200 1995 1257 2038 non
1280 1986 1336 2050 est,
1359 1981 1439 2058 quod

178 2068 181 2079 ⁴
262 2079 455 2152 immoremur,
471 2099 536 2142 eum
553 2079 581 2140 in
598 2089 680 2142 textu
704 2078 776 2142 nihil
799 2079 846 2153 sit,
869 2081 945 2161 quod
968 2100 1034 2144 eum
1056 2083 1245 2144 oommendet.
1268 2117 1311 2130 -
1330 2081 1437 2148 Graeci

260 2193 501 2250 oommentemres
518 2183 1438 2272 (Alitauusius,Ambrosius,0hrysostomus,Epiphanius,

263 2291 472 2356 Tbsodorstus
490 2289 599 2375 etalii)
614 2289 721 2364 dicunt,
744 2293 908 2374 apostolum
931 2294 1140 2374 poeniteutiam
1162 2305 1230 2376 post
1250 2295 1438 2375 baptismum

262 2397 429 2479 possibilem
446 2417 505 2460 non
521 2415 633 2478 negare,
649 2400 700 2462 sed
714 2401 817 2482 ipsias
832 2402 980 2483 baptismi
994 2403 1225 2484 repetitionem
1241 2402 1327 2480 quasi
1344 2404 1439 2465 dimt:

262 2503 447 2586 Impossibile
463 2513 507 2568 est
530 2505 619 2566 semel
642 2505 807 2585 baptizatos
829 2505 932 2568 iterum
955 2506 1108 2588 baptizari.
1137 2510 1356 2572 Verumtamen
1381 2531 1438 2572 non

263 2611 441 2695 perspicitur,
457 2613 495 2674 ob
510 2631 597 2694 quam
616 2631 733 2674 oausam
749 2612 901 2692 apostolus
915 2621 978 2676 tarn
993 2613 1116 2676 sollicite
1132 2615 1252 2690 deseret,
1275 2635 1335 2677 non
1351 2637 1438 2698 posse

260 2717 349 2782 semel
366 2717 531 2799 baptizatos
546 2717 650 2780 iterum
667 2717 817 2798 baptizari,
833 2737 898 2780 eum
921 2719 1004 2781 nulle
1025 2720 1146 2784 historie
1167 2729 1298 2793 testetur,
1319 2722 1438 2804 aliquos

259 2825 347 2888 tuisse
363 2833 493 2906 tempore
508 2824 716 2906 apostolorum,
732 2823 781 2904 qui
791 2825 930 2906 baptismi
947 2825 1167 2889 Sacramentum
1175 2827 1264 2888 semel
1280 2840 1436 2908 ueeeptum

259 2941 430 3012 repeterent,
445 2939 499 2992 aut
514 2931 701 3010 repetendum
717 2950 779 2992 esse
795 2932 937 2998 deserent.
949 2969 986 2976 -
1001 2932 1108 2995 Adhuo
1117 2933 1167 2994 elii
1179 2929 1282 3016 (etiarn
1299 2931 1435 3020 Estius)

260 3045 376 3122 putant,
392 3035 557 3116 apostolum
576 3055 632 3098 non
649 3037 684 3096 de
700 3037 846 3118 baptismo
862 3037 933 3120 ipso,
955 3038 1053 3112 idest,
1069 3059 1126 3102 nou
1146 3041 1182 3100 de
1198 3038 1339 3120 baptismi
1356 3059 1435 3102 oere-

261 3141 369 3216 monia,
386 3143 436 3204 sed
452 3143 487 3202 de
503 3143 570 3206 eius
586 3146 693 3228 effectu
709 3142 797 3224 loqui,
814 3144 923 3209 scilieet
938 3146 976 3208 de
995 3149 1106 3228 gratio
1127 3149 1377 3229 regenerationis
1399 3168 1435 3209 ur

261 3249 483 3320 renovationis,
506 3267 579 3328 quae
601 3250 752 3328 peccando,
775 3249 945 3330 praeprimis
966 3249 1122 3314 deficiendo
1141 3272 1161 3312 a
1182 3253 1247 3323 fide,
1269 3251 1434 3327 amittitu13

263 3375 320 3418 uon
336 3355 413 3436 quod
429 3354 538 3415 amissa
553 3355 641 3416 semel
658 3355 751 3434 gretia
767 3357 926 3436 recuperari
943 3377 1000 3419 non
1015 3358 1115 3438 possit,
1131 3359 1180 3418 sed
1190 3357 1259 3438 quia
1268 3357 1351 3420 Deus
1366 3359 1435 3422 nul-

259 3461 321 3524 lum
337 3459 466 3522 instituit
481 3459 648 3532 remedium,
664 3479 721 3542 quo
736 3470 799 3522 tam
814 3462 898 3524 faeile
915 3464 1009 3546 gratia
1017 3474 1200 3545 recuperetur
1215 3464 1332 3537 amissa,
1350 3466 1434 3527 vide-

259 3568 327 3631 lieet
343 3583 393 3647 per
410 3567 527 3628 modum
543 3566 764 3646 regenerationis
779 3588 814 3629 aro
828 3569 1030 3646 renovationis,
1045 3591 1134 3654 qua-m
1143 3572 1238 3634 lueret
1252 3589 1304 3651 per
1318 3571 1435 3652 baptis-

260 3691 341 3736 mum
351 3671 553 3752 aequisita-
565 3671 622 3734 Sed
639 3684 820 3734 transeamus
836 3677 873 3736 ed
889 3675 1098 3758 expositionem
1114 3685 1222 3749 textus,
1238 3685 1272 3738 ut
1286 3695 1390 3739 verum
1406 3687 1435 3740 et

258 3798 428 3863 germanum
443 3797 558 3859 sensum
575 3777 787 3858 investigemus.

351 3883 389 3952 Ol
405 3884 485 3959 ἅπαξ
500 3889 702 3971 φωτισθέντες
717 3894 786 3948 suut
801 3885 853 3962 illi,
869 3887 918 3970 qui
933 3889 1022 3950 semel
1038 3888 1182 3970 religionis
1190 3888 1366 3954 christianae
1382 3889 1431 3950 lu-

258 3995 335 4058 mine
352 3991 514 4056 oollustrati
531 4001 616 4068 sunt;
632 3991 705 4054 illud
721 3989 801 4068 ἅπαξ
816 3995 937 4058 refertur
958 3997 995 4056 ad
1011 3997 1101 4061 πάλιν
1117 4015 1144 4056 v.
1161 3997 1191 4064 6.
1197 4015 1206 4070 ;
1223 3996 1350 4058 ¹verbum
1366 4018 1433 4082 φω-

260 4105 348 4175 τίζειν
364 4100 394 4160 in
410 4098 516 4160 litteris
532 4119 568 4166 ss.
586 4099 748 4180 frequenter
764 4100 807 4162 ita
822 4101 985 4174 adhibetur,
1007 4111 1040 4164 ut
1055 4101 1208 4184 significet:
1230 4103 1339 4174 decere,
1358 4125 1433 4184 que-

258 4215 344 4271 teuus
360 4205 491 4268 doctrina
506 4203 619 4268 animos
634 4207 784 4270 hominum
801 4207 929 4272 illustrat
944 4216 974 4268 et
989 4206 1181 4288 ignorantium
1203 4207 1338 4288 depellit;
1362 4213 1390 4278 lu
1410 4216 1428 4282 Ι,

262 4312 389 4393 positum
405 4310 509 4392 legitur
524 4314 559 4374 de
574 4311 617 4386 iis,
633 4313 681 4396 qui
705 4315 849 4396 religionis
870 4314 1044 4379 ohristiauae
1066 4313 1256 4396 eognitiouem
1278 4321 1428 4383 oonseeuti
