3072 4882
240 377 303 446 134
688 377 952 444 mpouoovm..

118 645 122 652 η
236 556 401 638 religionem
412 557 607 620 christianam.
627 558 977 638 Apertissimeoonsilium
986 579 1070 622 suum
1079 563 1244 643 adeoqueet
1252 563 1411 623 verborum

237 663 1413 745 ellegcmrumsensumnanifestam.13,echecrationeauthentieamlociJere-

235 769 312 832 miae
328 771 593 852 interpretationem
609 772 692 832 nobis
714 771 841 834 exhibet
874 774 972 834 lltiam
997 772 1052 854 ipsi
1076 774 1254 835 Judaeorum
1276 774 1415 853 magistri

235 878 379 940 Jeremiae
401 879 549 941 oraculum
573 899 658 939 sensu
684 879 788 939 literali
811 879 847 940 ad
872 880 1000 941 Messias
1023 891 1154 960 tempora
1178 880 1344 944 retulerunt.
1362 916 1411 924 -

236 985 396 1067 Apostolus
413 1006 480 1048 usus
496 997 540 1047 est
556 988 649 1048 verbo
666 991 856 1072 μεμφόμενος
877 977 1030 1067 respicitis
1051 989 1226 1049 vocabulum
1243 986 1414 1074 ἄμεμπτος,

234 1095 311 1175 quod
328 1093 489 1174 praecessit.
520 1093 809 1155 Dissentiuntantem
820 1094 989 1174 interpretes
1005 1095 1086 1167 ineo,
1103 1105 1199 1156 utrum
1216 1099 1413 1181 μεμφόμενος

235 1199 463 1280 coniungendum
474 1201 512 1260 sit
529 1197 715 1274 comedente,
726 1202 1048 1264 anret'ereudumsitad
1059 1202 1211 1290 διαέλήκην
1228 1199 1412 1284 (afleti).
1480 1279 1482 1282 Ι

241 1306 369 1369 Priorem
386 1307 559 1369 sententiam
575 1327 663 1386 quam
680 1307 796 1390 plurimi
819 1327 884 1370 cum
900 1319 1012 1370 veteres
1029 1319 1092 1370 tum
1109 1307 1277 1370 recentiores
1291 1316 1418 1368 tuentur

235 1412 421 1495 interpretem
438 1403 544 1496 putant
555 1415 631 1477 enim
642 1415 807 1494 apostolum
817 1414 939 1477 dixisse:
956 1414 1279 1487 Deusilloslsraelitas
1293 1432 1415 1496 nempe,

234 1521 453 1600 reprehendens,
470 1522 541 1583 haee
561 1523 639 1603 apud
648 1521 806 1583 Jeremiam
828 1521 1047 1584 effetusesteto.
1074 1521 1217 1584 Posterior
1227 1529 1324 1583 autem
1336 1541 1413 1582 sen-

235 1627 326 1688 tentia
341 1639 384 1688 est
408 1629 595 1708 praeferenda
621 1637 650 1688 et
673 1634 861 1714 μεμφόμενος
884 1629 921 1689 ad
945 1630 1098 1716 διαθήκην
1121 1629 1313 1698 ret'erendurm
1336 1648 1414 1688 con-

235 1743 335 1795 textus
350 1734 426 1794 enim
442 1735 680 1806 orationisdooet‚
696 1736 797 1796 foedus
812 1735 892 1815 prius
907 1735 1128 1814 intelligendum
1144 1753 1212 1796 esse.
1244 1733 1415 1814 Apostolus

236 1860 339 1923 nempe
356 1841 477 1913 dixerat,
495 1841 574 1922 prius
589 1841 689 1902 foedus
705 1861 760 1902 non
777 1842 865 1902 fuisse
881 1841 1044 1928 ἄμεμπτον,
1060 1847 1286 1928 υιμεμφόμανυς
1302 1841 1414 1903 adhoc

234 1949 329 2027 ipsum
353 1941 456 2010 nomen
481 1950 612 2024 refertum
640 1948 711 2010 illud
736 1947 811 2008 enim
839 1950 1013 2029 probaturus
1034 1947 1117 2009 dicit:
1143 1953 1331 2034 μεμφόμενος
1346 1954 1413 2032 γάρ

235 2049 295 2116 snt·
311 2051 421 2118 ὁΘιός.
450 2053 498 2116 Sic
514 2054 668 2116 manifeste
683 2064 727 2114 est
742 2053 885 2137 oppositio
902 2055 974 2116 inter
989 2053 1070 2135 prins
1079 2055 1179 2116 foedus
1188 2064 1217 2116 et
1232 2053 1314 2126 illud,
1330 2057 1413 2134 quod

236 2160 325 2221 serius
341 2179 405 2220 cum
421 2159 544 2222 ludaeis
560 2162 688 2222 fecturus
704 2171 779 2222 esset
795 2162 881 2226 Deus.
914 2161 979 2222 Non
1000 2160 1143 2222 autemid
1165 2159 1227 2240 agit
1247 2161 1413 2239 apostolus,

234 2276 267 2327 ut
283 2266 354 2327 vitia
370 2267 558 2339 ludaeorum,
575 2270 609 2327 de
625 2268 732 2346 quihus
746 2277 832 2328 antea
856 2287 911 2329 non
936 2267 989 2328 l'uit
1005 2284 1106 2340 sermo,
1129 2266 1282 2348 vituperet,
1306 2267 1356 2328 sed
1376 2279 1412 2327 ut

120 2385 123 2393 '
234 2376 420 2446 demonstret,
437 2393 455 2433 a
470 2376 532 2434 Deo
550 2374 611 2453 ipso
628 2375 706 2456 prius
723 2375 824 2436 foedus
834 2374 1012 2436 declaratum
1030 2393 1236 2436 essemancum
1252 2382 1282 2435 et
1296 2373 1412 2455 imper-

234 2481 349 2552 fectum,
365 2482 495 2559 adeoque
510 2483 549 2541 ab
565 2501 597 2541 eo
614 2479 695 2542 aliud
712 2483 818 2552 foedus,
841 2477 927 2560 idque
943 2482 1099 2561 perfectum
1123 2491 1152 2540 et
1167 2480 1335 2542 absolutum
1351 2500 1412 2540 an-

235 2586 403 2647 nunciatum
419 2605 489 2648 esse.
498 2583 522 2671 1)
544 2621 580 2636 ι-
598 2587 700 2648 Verba
715 2585 859 2648 Jeremiae
884 2589 1038 2648 seeundum
1062 2597 1177 2648 textum
1193 2586 1294 2651 Lxx.
1317 2587 1413 2648 citata

234 2703 309 2764 sunt,
333 2693 457 2775 acceptis
473 2692 619 2773 aliquibus
633 2692 752 2754 minoris
768 2694 905 2755 momenti
922 2692 1142 2754 deviationibus.
1175 2693 1223 2753 Sic
1237 2691 1297 2753 iam
1313 2694 1410 2756 hocin

234 2817 318 2860 versu
335 2808 435 2862 auctor
451 2811 547 2862 noster
563 2800 670 2862 habet:
693 2803 746 2864 καὶ
770 2801 936 2864 συντελέσω
958 2795 1179 2882 (eonsumabo);
1203 2801 1283 2878 apud
1305 2799 1411 2866 LXX.

234 2906 352 2984 legitur:
364 2911 416 2970 καὶ
426 2908 613 2994 διαθήσομαι
625 2905 768 2987 (feriam);
779 2927 815 2966 ex
825 2905 999 2970 sententias.
1011 2908 1189 2986 Aepnstine’
1198 2908 1299 2967 auctor
1308 2917 1410 2968 noster

235 3013 364 3074 consulte
391 3013 449 3073 looo
473 3013 550 3074 vocis
573 3013 760 3100 διαθήσομαι
781 3013 893 3094 scripsit
922 3013 1099 3084 συντελέσω,
1128 3013 1166 3072 ad
1188 3011 1410 3091 exprimendam

235 3118 273 3179 N.
297 3119 330 3182 T.
355 3118 555 3199 perfectionem
578 3128 607 3180 et
629 3131 777 3180 aeternam
800 3119 860 3180 eius
883 3119 1072 3180 durationem.
1094 3151 1136 3162 -
1162 3117 1264 3198 Praep.
1291 3117 1338 3182 ἐπὶ
1359 3117 1412 3202 (ut

236 3225 315 3285 hebr.
346 3222 411 3317 mg)
428 3227 575 3287 commode
591 3225 638 3287 hie
655 3226 707 3287 loci
723 3224 802 3286 reddi
817 3234 915 3306 potest
931 3242 994 3306 per:
1011 3245 1088 3286 cem.
1112 3223 1238 3286 Seorsim
1247 3224 1412 3306 alloquitur

235 3350 333 3410 decem
349 3350 450 3420 tribus,
466 3370 540 3428 quae
551 3352 654 3412 domus
670 3350 769 3421 Israel,
780 3351 916 3429 duasque,
928 3368 1003 3428 quae
1013 3351 1116 3409 domus
1128 3347 1207 3410 Juda
1218 3351 1410 3410 vocabantur.

236 3453 354 3516 lsraelis
369 3465 468 3516 autem
485 3467 514 3516 et
529 3457 624 3519 Judae
648 3457 764 3517 nomina
787 3459 824 3517 ad
841 3453 950 3516 Christi
973 3455 1121 3516 eeclesiam
1146 3457 1317 3527 referuntur,
1340 3455 1412 3534 quia

237 3563 310 3622 haec
325 3581 401 3623 nuuc
415 3573 459 3622 est
474 3563 599 3643 populus
615 3563 669 3623 Dei
685 3561 802 3623 meliore
817 3562 886 3633 iure,
910 3581 998 3642 quani
1014 3561 1141 3622 Hebraei
1165 3560 1289 3623 fuerunt.
1320 3563 1412 3624 quta

235 3670 458 3750 Anyeetinem
474 3669 615 3747 signifieat
631 3671 733 3729 domus
748 3667 827 3728 Juda
843 3666 991 3729 ecelesiam
1007 3667 1198 3746 colligendam
1218 3686 1254 3729 ex
1269 3668 1411 3742 Judaeis;

236 3776 339 3836 domus
354 3775 444 3836 lsrael
461 3792 528 3836 vero
544 3793 608 3834 eam
624 3795 661 3834 ex
677 3773 842 3853 gentilibus,
858 3773 927 3852 quia
943 3775 1045 3836 domus
1060 3755 1140 3834 Jude
1155 3788 1258 3834 verum
1272 3773 1328 3835 Dei
1344 3776 1411 3836 cul-

235 3890 298 3941 tum
312 3880 444 3953 retinuit;
459 3883 562 3942 domus
577 3881 669 3942 lsrael
685 3889 784 3942 autam
800 3882 837 3940 ad
853 3879 1050 3942 idololatriam
1065 3879 1191 3946 deflexit.

326 4007 352 4045 v.
370 3988 399 4052 9.
416 3983 451 4050 ei>
466 3990 545 4052 κατὰ
561 3991 614 4073 τήν
630 3989 792 4075 διαθήκην,
808 3987 846 4073 ἣν
866 3985 993 4073 ἐποίησα
1015 3997 1076 4058 τοῖς
1097 3991 1242 4068 πατράσιν
1263 3983 1361 4050 ebion
1378 3985 1411 4051 ἐν

236 4091 345 4180 ἡμέρα,
362 4091 582 4178 ἐπιλαβομένου
599 4116 657 4178 μου
672 4104 726 4181 της
743 4097 846 4179 χειρὸς
868 4089 974 4167 ababa
997 4091 1148 4174 ἐξαγαγεῖν
1164 4088 1274 4164 αὐτοὺς
1296 4089 1333 4156 ἐκ
1350 4105 1410 4182 γης

238 4195 399 4278 Αἰγέστου·
430 4195 475 4263 ὅτι
492 4196 576 4264 αὐτοὶ
593 4196 648 4264 οὐκ
664 4199 815 4285 ἐνέμειναν
830 4198 861 4263 ἐν
876 4209 914 4284 τῇ
930 4200 1067 4286 διαθήκη
1079 4220 1146 4285 μου,
1162 4196 1250 4279 κάγὼ
1264 4195 1411 4286 ἠμέλησα

237 4337 449 4348 -u--n-n-uu—

331 4406 349 4473 ι)
368 4407 416 4456 σα.
436 4405 588 4458 nomm
607 4409 623 4455 r.
643 4422 664 4457 ο.
682 4406 718 4458 ει.
730 4405 789 4458 eae.
801 4410 819 4457 f.
