3096 4886
577 359 703 424 manao
728 360 774 411 ιιι.
792 359 817 412 ο.
836 357 861 411 7.
1241 333 1303 430 133

135 538 271 621 Henoohi
286 559 306 600 a
319 547 396 602 sorte
410 538 511 602 mortis
526 539 701 620 temporalis.
719 574 759 587 —
777 542 980 622 Δωρωείίπιω
1001 535 1065 624 (lib.
1078 541 1123 618 ¹de
1144 557 1219 620 peon
1234 539 1303 620 orig.

132 662 156 705 ο.
173 641 239 728 23.)
254 645 291 706 de
303 644 384 710 Elio
393 655 424 707 et
433 646 581 710 Henoelto
591 647 682 708 verba
692 645 800 708 faciens
809 645 892 708 dicit:
909 644 1094 722 ‚Quoanoo
1108 645 1302 728 dubitamus,

134 751 171 812 ln
187 751 300 832 qartus
309 753 379 814 aaa
393 761 468 815 aaut
477 753 660 836 corporibus
668 752 769 814 aduae
777 757 798 812 ί.
831 748 1039 820 Quaestionem
1048 759 1157 824 antem,
1167 750 1217 812 nbi
1227 770 1303 814 nuno

135 865 292 930 versentur,
307 857 383 920 inter
397 877 447 919 eas
456 865 590 920 numerat
604 856 795 938 quaestiones,
814 856 959 938 inquibus
973 855 1058 918 salva
1066 855 1122 918 lide
1136 855 1303 931 christiana,

131 961 202 1044 quid
220 981 322 1025 verum
337 964 383 1038 sit,
398 964 554 1044 ignoratur,
570 973 601 1026 et
609 964 753 1026 sententia
763 963 914 1026 definitiva
923 961 1115 1044 suspenditur.
1127 997 1167 1010 —
1179 961 1301 1026 Verbis:

136 1075 195 1156 πρὸ
210 1075 268 1156 γὰρ
284 1084 339 1159 της
362 1073 555 1158 μεταθέσεως
579 1068 670 1138 αὐτοῦ
687 1075 911 1158 μεμαρπύρηται
926 1067 1157 1158 εὐαρεστηκέναι
1179 1081 1220 1155 τῷ
1235 1067 1302 1156 Θεῷ

136 1175 250 1240 Paulus
265 1179 452 1251 demonstrat,
467 1183 569 1252 πίστει,
585 1186 702 1260 propter
709 1178 803 1250 fidem,
812 1178 953 1240 Henooho
962 1175 1122 1258 oontigisse,
1137 1183 1302 1240 utmortam

134 1301 190 1345 non
207 1293 344 1364 expertus
359 1303 397 1346 ex
411 1283 562 1348 hominum
577 1283 718 1348 consortio
732 1285 949 1358 transferretnr;
972 1300 1024 1364 per
1044 1283 1131 1346 tidem
1146 1282 1224 1345 enim
1238 1283 1301 1346 Deo

129 1398 275 1470 aceeptus,
295 1399 395 1472 gratus
410 1391 504 1453 laetus
524 1399 577 1456 est.
607 1391 643 1452 In
665 1388 773 1452 Genesi
795 1391 912 1470 quidem
934 1391 970 1452 de
994 1389 1051 1452 fida
1072 1387 1205 1454 Henoohi
1226 1388 1300 1451 nihil

130 1494 273 1576 seriptum
289 1495 402 1578 legitur,
423 1496 540 1560 omnino
554 1505 662 1570 antem,
687 1515 753 1558 eum
776 1515 841 1558 oum
863 1497 926 1558 Deo
948 1495 1131 1571 ambulasse;
1153 1495 1220 1558 inda
1239 1495 1299 1556 iarn

132 1600 293 1682 apostolus,
308 1601 358 1684 qui
373 1620 459 1664 versu
473 1622 552 1684 sequ.
568 1603 704 1676 affirmat,
720 1602 863 1664 neminem
879 1601 940 1664 sine
954 1602 1011 1664 fide
1025 1603 1088 1665 Deo
1103 1600 1225 1682 plaeere,
1240 1600 1299 1664 ool·

128 1707 215 1788 ligere
230 1716 354 1790 poterat
370 1709 544 1790 Henoehum
559 1709 646 1770 fidem
661 1709 807 1774 habuisse.
831 1744 863 1754 —
876 1707 1045 1770 Formulam
1055 1715 1153 1769 textus
1169 1705 1297 1770 hebraici

131 1811 218 1898 (Gen.
234 1814 274 1876 V.
290 1812 369 1898 24.):
388 1815 554 1878 ambulavit
569 1812 716 1900 (Henooh)
731 1834 796 1878 enm
812 1816 883 1890 Deo,
899 1813 999 1879 Lxx.
1016 1821 1218 1894 expresserunt
1232 1829 1299 1894 per:

128 1916 325 2008 εὐηρέστησεν
341 1933 382 2006 τῷ
398 1918 479 2007 Θεῷ;
496 1923 546 1983 sed
563 1920 710 2001 utriusque
725 1920 867 1984 formulae
881 1921 983 1982 eadem
998 1928 1043 1982 est
1058 1919 1119 1998 vis3
1145 1917 1298 1982 ambulare

127 2026 204 2088 enim
221 2047 287 2090 eum
302 2028 373 2102 Deo,
388 2027 435 2089 vel
452 2045 549 2090 eoram
564 2029 635 2102 Deo,
651 2035 751 2091 notat:
766 2030 862 2092 Deum
873 2029 975 2089 dnoem
984 2025 1095 2099 sectari,
1110 2024 1205 2088 vitam
1214 2042 1298 2106 agere

126 2134 165 2194 ad
181 2133 237 2196 Dei
258 2133 442 2196 voluntatem
464 2133 706 2216 σοωροείιοιιι;ε
707 2130 857 2218 ὐαρεστεῖν
880 2145 921 2220 τῷ
945 2130 1012 2217 Θεῷ
1034 2141 1134 2195 autem
1158 2133 1297 2194 denotat:

124 2238 218 2300 vitam
233 2238 394 2320 praeseptis
409 2238 515 2302 divinis
530 2249 762 2316 oonsentaneam,
777 2241 906 2322 adeoque
922 2241 984 2302 Deo
1005 2240 1169 2324 probatam,
1185 2239 1296 2303 dhaere.

215 2365 243 2412 v
259 2347 289 2412 6
306 2342 412 2432 Χωρίς
428 2347 460 2410 δὲ
476 2351 602 2422 πίστεως
617 2345 763 2416 ἀδύνατον
779 2343 982 2436 εὐαρεστῆσαι·
1012 2355 1165 2412 πιστεῦσαι
1178 2347 1268 2430 γὰρ
1253 2314 1298 2410 δεί

126 2457 176 2518 τὸν
192 2457 433 2538 προςερχόμενον
448 2465 490 2538 τῷ
506 2450 582 2538 Θεῷ,
598 2451 643 2520 ὅτι
658 2454 729 2527 ἔστι,
746 2458 799 2518 aod
814 2463 877 2528 τοῖς
892 2452 1065 2540 ιιζητοοσιν
1074 2447 1163 2518 αὐτὸν
1180 2453 1296 2538 μισθα-

125 2561 299 2646 ποδότης
271 2581 448 2641 γινεται.-
405 2556 549 2630 -Quae
564 2559 642 2622 hoo
634 2579 664 2621 rn
679 2577 764 2622 versu
778 2559 923 2640 leguntur,
938 2558 1098 2640 generatim
1118 2556 1197 2619 diota
1218 2565 1295 2630 sunt,

125 2674 155 2726 et
170 2665 290 2746 proinde
312 2683 369 2728 non
392 2673 509 2726 tantum
531 2666 570 2727 ad
591 2665 764 2728 Henoohum
786 2683 817 2727 re
817 2666 1009 2728 aranda
1033 2664 1083 2727 Ad
1082 2659 1294 2759 εὐαρεστῆσαι

124 2771 319 2852 supplendum
335 2781 394 2832 est:
387 2783 452 2856 ,τῷ
468 2768 601 2856 Θεῷμ-
561 2771 773 2834 -Forrnulat
765 2777 884 2860 .έπροσ
886 2775 1019 2860 ρχεσδαι
1042 2783 1084 2856 τῷ
1099 2767 1175 2855 Θεῷ,
1197 2770 1293 2830 Deum

122 2878 212 2951 adire,
227 2877 288 2940 soil.
304 2875 444 2958 precibus,
461 2874 523 2962 (eir.
539 2877 594 2940 IV.
615 2877 768 2954 16.;vl1.
788 2879 838 2946 19.
858 2877 923 2965 26.)
939 2879 969 2945 h.
985 2877 1005 2941 l.
1021 2875 1118 2940 latiori
1141 2895 1227 2938 sensu
1241 2894 1293 2938 ae-

122 2983 264 3066 cipienda‚
280 2992 310 3044 et
324 2981 462 3044 orationis
471 2983 628 3046 variandae
639 3003 728 3046 eausa
743 2984 885 3059 adhibita
901 2993 1095 3048 ntoontaxtns
1110 2985 1201 3056 donet,
1215 2981 1293 3044 idem

121 3089 212 3163 valet,
228 3091 305 3172 quod
320 3086 486 3174 εὐαρεστεῖν
501 3102 542 3175 τῷ
558 3088 633 3176 Θεῷ,
656 3089 699 3152 ita
720 3111 751 3152 se
773 3107 877 3172 gerere,
906 3101 940 3154 nt
962 3093 1025 3154 Deo
1047 3090 1172 3174 plaaeas.
1194 3127 1221 3136 --
1247 3086 1293 3154 ὅτι

123 3197 210 3268 ἔστιν,
231 3197 327 3258 Deum
349 3195 547 3258 existera—
503 3195 700 3284 -ἐιιζητεῖν
723 3199 844 3260 denotat
864 3197 894 3259 h.
917 3197 937 3262 l.
960 3198 1054 3260 Deum
1076 3197 1176 3271 oolam,
1197 3194 1291 3257 vitam

121 3301 283 3384 praeceptis
299 3301 404 3364 divinis
419 3311 642 3366 oonsentaneam
657 3305 767 3390 dooere

214 3427 262 3469 vv.
279 3409 397 3475 7-16.
414 3409 449 3470 In
464 3388 597 3470 versibus
610 3429 686 3471 nune
701 3409 889 3492 sequentibus
904 3409 1062 3472 laudantur
1076 3405 1189 3491 antiqui
1203 3415 1293 3470 testea

121 3513 189 3577 fidei
204 3513 443 3596 promissionibus
457 3513 563 3577 divinis
578 3514 734 3589 exhibitae,
745 3533 796 3598 per
813 3515 957 3616 peouliare
972 3515 1039 3580 fidei
1058 3536 1128 3579 suae
1142 3515 1290 3578 obieotum

126 3642 146 3681 a
162 3619 285 3682 testibus
307 3621 372 3682 fidei
394 3631 424 3683 et
439 3605 583 3704 religionis
604 3620 771 3704 primaevae
792 3607 993 3705 distinguendi.
1024 3620 1093 3693 Qua
1113 3631 1203 3685 testes
1225 3619 1291 3683 lidei

122 3725 208 3790 istius
224 3735 405 3790 recensentur
421 3727 488 3792 Noe
503 3727 543 3812 (v.
561 3723 615 3813 7.),
625 3726 1002 3814 Abrohom(vv.8—12.)
1018 3749 1076 3791 nna
1091 3747 1157 3791 oum
1171 3725 1290 3807 reliquis

119 3833 168 3914 pie
184 3833 365 3896 erodentibus
380 3833 485 3896 veteris
500 3834 608 3898 ordinis
623 3855 639 3896 e
653 3835 763 3897 semine
778 3835 920 3898 Abrahae
942 3834 1020 3898 natis
1046 3831 1108 3920 (vv.
1126 3835 1206 3900 13-
1216 3829 1289 3918 lo).

212 3959 239 4001 v·
256 3941 286 4008 l.
308 3938 411 4006 Πίστει
432 3945 656 4028 χρηματισθεὶς
678 3939 749 4007 Noe
767 3946 840 4028 Ιπερί
862 3954 919 4030 των
939 3943 1069 4030 μηδέπω
1088 3935 1289 4026 βλεπομένων,

121 4042 307 4132 εὐλαβηθείς
322 4051 526 4113 κατεσαεύασε
541 4051 668 4132 κιβωτὸν
684 4045 725 4123 εἰς
739 4051 888 4135 σωτηρίαν
910 4058 963 4114 τοῦ
979 4047 1064 4112 οἴκου
1080 4043 1182 4124 αὐτοῦ,
1198 4041 1236 4111 δι’
1252 4043 1290 4133 ἧς

119 4159 279 4238 ιιατένιρινε
294 4158 343 4220 τὸν
359 4159 484 4240 νιόσμον,
499 4157 552 4219 καί
567 4167 622 4242 της
643 4157 723 4241 κατὰ
738 4159 833 4221 πίστιν
855 4155 1047 4242 δικαιοσύνης
1069 4152 1185 4237 ἐγένετο
1206 4139 1288 4238 ιιλη·

118 4264 256 4344 ρονόμος.
274 4295 312 4305 -
333 4257 436 4325 Πίστει
451 4259 548 4323 referri
563 4261 650 4324 debet
664 4258 702 4324 ad
717 4258 903 4348 εὐλαβηθεὶς
917 4265 1130 4338 ιιατεσιιεύασε,
1147 4280 1204 4323 non
1219 4276 1287 4322 vero

113 4366 153 4426 ad
168 4369 398 4452 χρηματισθείς.
409 4400 452 4414 -
461 4371 657 4455 χρηματίζειν
672 4365 720 4454 (nt
734 4367 823 4430 vfll.
832 4365 877 4455 5.)
893 4368 1174 4432 deDeoadhihitum
1183 4374 1286 4431 notat:
