3094 4892
559 342 599 394 De
616 347 714 393 auctore
733 343 859 407 epistolae.
1253 343 1292 410 17

126 519 300 582 senteutiam
314 521 355 584 sic
370 519 493 582 evolvit:
517 518 630 596 ,Illud
643 523 762 586 nostris
777 521 941 584 dicendum
957 529 1010 596 esi,
1026 521 1106 585 hauc
1115 519 1287 602 spicuam,
1327 590 1332 600 ‚

126 643 205 705 quae
223 630 413 692 inscribitur·
429 629 472 690 ad
486 627 659 702 Hebraeos,
673 646 736 690 uon
750 627 854 690 solum
869 629 909 690 ab
924 625 1058 690 molonis
1074 627 1227 700 Orientis,
1242 627 1296 690 sed

131 735 170 796 ab
186 736 332 798 omnibus
347 743 431 798 retro
449 733 663 798 ecclesiasticis
675 736 783 816 praeci
797 734 951 796 simonis
965 735 1182 814 scriptoribus,
1205 737 1296 812 quasi

127 837 230 902 Pauli
245 840 379 922 apostoli
403 843 530 923 suscipi,
554 840 626 902 licet
645 860 715 903 eam
734 839 876 922 plerique
896 839 946 901 nei
959 840 1135 902 Barnabae
1157 838 1205 900 uel
1228 835 1295 902 ou·

128 947 242 1008 menas
267 949 466 1010 arbitrentur
481 993 607 1012 ......
638 944 732 1020 Quod
752 948 781 1008 si
803 965 873 1008 eam
894 945 1088 1008 Latinorum
1108 945 1295 1008 consuetudo

128 1071 192 1116 nou
224 1054 337 1134 recipit
359 1055 441 1116 inter
464 1052 652 1134 Scripturas
673 1054 850 1126 canonicas,
874 1071 928 1114 nec
950 1049 1150 1114 Graecorum
1171 1051 1296 1129 quidem

129 1156 275 1220 ealcum
291 1157 505 1240 Apocalypsin
523 1156 660 1220 Ioannis
675 1158 781 1220 eodem
800 1157 1137 1239 libertatcsuscipiunt,
1151 1165 1297 1219 ettamen

128 1282 188 1326 nos
203 1273 375 1344 utcumque
397 1266 598 1345 suscipimus,
619 1281 818 1343 nequaquam
840 1264 937 1326 iusim
958 1264 1108 1346 temporis
1132 1271 1296 1326 consuctu-

128 1369 242 1442 dincm,
260 1369 316 1432 sed
329 1371 1073 1451 ueterumsosiptorumauctoritatemsequenles,
1090 1366 1296 1450 quiplscum·

129 1492 186 1554 pus
201 1476 367 1554 utriusqus
382 1483 518 1540 utmstus
534 1477 726 1548 testimoniis,
741 1494 805 1538 uon
819 1484 855 1536 ut
869 1455 1029 1538 interdum
1048 1475 1086 1536 de
1108 1473 1296 1557 apocryphis

126 1581 238 1662 facere
253 1579 359 1657 solem,
375 1582 430 1644 sed
444 1583 537 1660 quasi
552 1583 720 1646 canonicis.
728 1576 752 1662 ¹)
761 1577 1026 1664 Aupmtmus‘(†
1036 1577 1124 1662 430.)
1134 1580 1297 1660 expressius

131 1686 228 1748 adhuc
242 1685 395 1766 epistolam
411 1687 449 1747 ad
465 1686 615 1748 Hebraeos
624 1685 791 1748 canonicam
800 1685 937 1756 declarat,
953 1685 1020 1746 licet
1034 1693 1065 1745 et
1078 1684 1140 1764 ipse
1155 1687 1296 1762 obseurat,

71 1839 74 1844 .
129 1811 195 1854 eam
218 1792 364 1854 nonnullis
395 1792 533 1854 incertam
563 1811 633 1854 esse.
672 1793 748 1867 ,Ad
778 1793 941 1856 Hebraeos
964 1790 1095 1873 epistola
1103 1797 1127 1864 ⁸,
1159 1790 1293 1876 inquit,²)

129 1917 343 1978 ,quamquam
358 1897 521 1962 nonnullis
535 1900 655 1961 incocta
670 1900 712 1962 sit
726 1946 734 1960 .
750 1944 757 1957 .
775 1946 783 1962 .
807 1900 911 1996 upupis
932 1917 981 1958 me
1001 1906 1101 1960 mouet
1121 1901 1296 1962 metentes

131 2003 333 2068 munorum
350 2003 574 2082 Ocimtols'um,
591 2023 670 2084 quae
685 2004 766 2066 lano
781 2021 899 2082 quoque
921 2005 957 2066 in
980 2005 1140 2066 canonicis
1154 2003 1295 2068 hubent‘.

130 2113 166 2172 ln
181 2109 264 2172 libris
280 2119 379 2171 annm
396 2111 454 2184 ,de
469 2111 616 2172 docto-ina
630 2110 828 2172 christiana“
844 2107 896 2192 (11.
912 2105 955 2192 8.)
971 2129 993 2170 a.
1009 2109 1108 2170 ductor
1129 2109 1297 2190 simpliciter

131 2225 259 2280 recenset
274 2215 427 2296 epistulam
442 2217 481 2277 ad
495 2215 646 2278 Hebraeos
669 2215 744 2276 inter
765 2214 904 2294 epistolas
918 2235 941 2276 s.
957 2214 1043 2276 Pauli
1058 2235 1180 2296 eamque
1195 2215 1296 2300 Scrip-

131 2321 205 2384 turis
220 2321 364 2384 canonicis
378 2323 559 2396 adnumerat,
582 2321 665 2382 nulla
687 2321 765 2380 iacta
784 2319 980 2382 dubitantium
1001 2321 1154 2394 mentione,
1176 2332 1206 2383 et
1227 2333 1296 2386 tan-

131 2447 221 2508 quam
236 2427 402 2490 aanonioam
418 2427 448 2488 in
463 2427 552 2489 variis
566 2425 626 2488 suis
641 2425 756 2506 scriptis
771 2426 899 2486 adhibet.

221 2532 257 2619 4)
275 2533 396 2614 Egregia
410 2551 494 2614 porro
510 2531 675 2594 testimonia
690 2531 831 2592 exhibent
844 2534 990 2614 priorum
1006 2533 1205 2597 sacculorum
1219 2555 1294 2597 con-

131 2639 208 2703 cilia
220 2639 446 2722 particulae-ia,
461 2638 492 2700 in
502 2637 608 2719 quibus
617 2646 716 2700 nostra
731 2637 856 2718 epistola
864 2636 946 2698 libris
956 2638 1098 2700 mnonicis
1105 2640 1297 2702 adnumerata

131 2753 183 2807 est
216 2743 376 2807 Concilium
398 2747 601 2828 Hipponense
623 2740 665 2828 (a.
681 2740 770 2827 393.)
793 2763 856 2805 can.
872 2744 923 2810 36.
940 2752 970 2804 et
990 2743 1141 2806 concilium
1159 2743 1296 2810 Cartba-

129 2853 270 2936 piniense
286 2851 341 2916 III.
351 2851 391 2931 (a.
401 2851 487 2932 397.)
497 2870 560 2912 can
569 2851 622 2916 47.
632 2849 787 2930 epistulam
801 2851 840 2910 ad
849 2850 999 2914 Hebraeus
1008 2849 1165 2930 separatim
1179 2853 1296 2934 quidem

132 2976 152 3016 a
166 2955 285 3037 reliquis
305 2956 392 3018 Pauli
414 2955 544 3036 epistolia
565 2963 720 3028 recensent,
743 2975 808 3016 eam
824 2964 922 3017 tamen
947 2965 976 3016 et
998 2955 1092 3018 Paulo
1116 2957 1247 3022 tribuunt
1268 2970 1298 3021 et

132 3061 235 3125 mnoni
257 3064 368 3144 absque
391 3062 453 3124 ulla
474 3060 666 3124 haesitatione
690 3060 833 3123 inserunt:
856 3061 962 3136 ,Semi
982 3070 1089 3126 autom
1112 3063 1299 3148 Sosipturae

133 3170 302 3232 canonicus
317 3215 422 3235 .....
442 3167 544 3232 Pauli
566 3167 714 3252 epistolae
735 3169 889 3242 tredecim,
912 3169 1050 3232 ciusdem
1071 3171 1115 3232 ad
1135 3173 1299 3236 Hebraeos

134 3277 232 3338 uua‘.
263 3275 350 3336 Hanc
372 3273 483 3336 aoncilii
499 3272 746 3354 Carthaginiensis
768 3273 937 3336 decisionem
960 3275 1132 3337 conmmans
1146 3277 1299 3342 innocen-

134 3381 200 3444 tius
214 3379 243 3441 Ι.
258 3378 289 3443 in
304 3380 430 3460 epistola
444 3381 483 3441 ad
492 3380 672 3461 Exuperium
684 3377 724 3464 (a.
734 3379 823 3460 405.)
833 3400 947 3442 omnem
956 3381 1080 3442 abstulit
1089 3381 1298 3446 distinctionem

134 3484 305 3565 simpliciter
320 3485 453 3548 dicendo:
470 3486 635 3568 ,Apostoli
651 3485 754 3548 Pauli
769 3486 1193 3568 epistouequotuordeumt.
1217 3491 1299 3552 Idem

133 3589 238 3652 statuit
252 3591 404 3654 manilium
428 3589 689 3674 Gurthapiniense
709 3591 749 3654 V.
765 3589 804 3676 (a.
821 3591 909 3676 419.)
926 3612 989 3656 can.
1006 3591 1081 3679 29³)
1105 3605 1134 3656 et
1149 3595 1300 3658 concilium

134 3696 322 3760 Romanum
338 3699 392 3759 snb
409 3695 538 3760 Gebamo
554 3695 582 3760 1.
597 3696 630 3758 P.
647 3697 689 3758 M.
706 3695 747 3782 (a.
763 3695 861 3782 494.)

223 3804 260 3864 In
272 3805 382 3886 prima
396 3803 514 3884 synodo
531 3804 724 3866 oecumenica
742 3803 855 3866 Niceae
872 3801 913 3888 (a.
930 3804 1017 3888 325.)
1039 3806 1184 3868 celebrata
1205 3809 1301 3886 quoad

134 3927 274 3970 canonem
290 3907 408 3988 quidem
423 3907 497 3968 nihil
512 3908 672 3987 dogmatice
694 3909 839 3970 decretum
854 3920 912 3984 est;
936 3912 1039 3972 Patres
1062 3921 1160 3973 antem
1181 3931 1301 3993 hungre-

227 4081 246 4151 ¹)
265 4081 436 4150 Hieronymus
455 4085 525 4148 epist.
544 4084 576 4132 sd
594 4084 749 4134 Dardanum.

227 4169 248 4241 2)
267 4171 430 4237 Anpnstinus
448 4172 478 4220 de
496 4178 588 4236 peccat.
607 4173 688 4222 merit.
707 4179 733 4222 et
750 4176 878 4224 remission
890 4175 911 4230 Ι,
930 4171 987 4233 27.;
1013 4175 1071 4227 cin:
1096 4175 1220 4226 Enchirid.
1239 4174 1266 4228 8.

227 4258 247 4328 ¹)
265 4261 363 4312 Horum
382 4261 467 4313 mucii.
486 4275 540 4310 can.
558 4261 613 4312 ride
630 4262 657 4310 in
677 4261 773 4314 Parnoi.
794 4262 840 4318 iat,
858 4265 923 4314 inter
940 4277 1016 4328 opsrs
1033 4279 1053 4317 s.
1066 4264 1156 4316 Leonis
1173 4270 1192 4314 t.
1205 4262 1240 4316 56
1255 4268 1300 4320 ool.

134 4347 196 4407 428,
216 4345 276 4406 504,
294 4346 356 4402 871.
952 4367 955 4371 ’

188 4455 244 4492 Νι
251 4468 262 4492 s
269 4459 290 4503 k,
303 4457 470 4492 comuntur.
1126 4439 1142 4489 2
