3094 4892
544 313 669 376 expurm
688 310 721 364 n.
743 313 784 364 14.
806 313 848 367 rs.
1234 315 1278 382 63

113 488 264 562 naturalis,
280 507 332 550 nos
347 488 399 550 lilii
412 479 555 570 adoptivi,
569 501 600 552 et
614 501 766 571 propterea
781 491 880 573 utique
896 494 1000 554 iratres
1014 491 1083 556 eins.
1092 525 1137 538 -
1146 490 1277 554 (litatum

112 597 269 658 secundm
291 604 322 657 et
342 593 460 658 tertium
483 598 648 658 desumtum
670 607 716 658 est
738 617 775 659 ex
797 597 899 660 Josaie
920 597 1006 663 VIII.
1027 617 1075 658 vv.
1100 597 1150 668 l'i.
1174 608 1203 659 et
1228 599 1278 664 18.

112 703 229 764 Nervus
244 702 386 782 probandi
401 701 477 766 latet
491 702 522 764 in
537 705 640 765 verbo:
662 703 770 790 ἔσομαι
792 706 964 778 retorridum
986 723 1054 764 nam
1077 702 1131 766 Dei
1154 722 1211 767 non
1233 714 1278 767 est

112 808 200 870 fidere
215 808 244 870 in
260 809 337 882 Deo;
353 825 442 888 quare
456 818 579 888 oportet,
601 818 635 870 ut
657 809 687 870 in
711 807 828 872 Christo
853 808 914 871 alia
937 811 1081 890 quaedem
1103 810 1143 872 sit
1164 820 1278 884 nature,

111 915 268 976 seeundum
285 931 374 994 quam
388 913 479 976 diost:
500 933 553 994 ego
574 931 622 976 ero
644 915 734 976 fidens
757 913 788 975 in
803 933 885 990 eum;
908 933 943 976 ea
965 923 1063 978 autem
1085 915 1145 977 alia
1160 935 1218 979 nou
1233 927 1278 978 est

110 1039 201 1099 quam
216 1021 344 1080 humana
355 1015 681 1103 (Eutime-Verba:
697 1023 749 1084 καὶ
757 1022 848 1086 πάλιν
857 1021 998 1082 denotant
1013 1020 1061 1082 hio
1070 1021 1139 1084 loci:
1153 1021 1276 1096 deludor

110 1125 180 1205 quia
195 1125 345 1204 apostolus
361 1143 417 1186 uon
432 1125 560 1187 diversos
575 1125 677 1187 attulit
692 1126 776 1198 looos,
791 1127 842 1187 sed
856 1125 1276 1200 Jes.vl11.1l.18.‚etuaee

110 1233 201 1292 verba
216 1235 269 1295 ααί
283 1233 374 1296 πάλιν
390 1241 542 1311 propterea
563 1241 679 1294 tantum
701 1231 848 1304 interiecit,
870 1241 904 1293 nt
925 1231 1115 1296 attentionem
1138 1233 1276 1296 leotomm

110 1336 251 1399 excitaret
274 1336 353 1420 (oum
367 1338 516 1398 ostendere
531 1337 629 1426 telier,
645 1335 794 1400 Christum
816 1337 972 1412 hominem,
994 1340 1124 1420 adeoque
1146 1340 1277 1402 homines

110 1444 217 1504 fratres
231 1441 292 1503 eius
309 1439 420 1527 lonso),
441 1453 472 1503 et
488 1452 520 1504 ut
535 1442 640 1504 ultima
659 1445 759 1523 verba,
771 1443 866 1524 priora
887 1444 1087 1524 explanarent.
1103 1446 1217 1508 -Per
1238 1449 1276 1511 τὰ

117 1550 224 1614 παιδία
238 1547 355 1610 omnino
371 1546 510 1621 homines,
525 1548 650 1610 oultores
671 1546 788 1621 Christi,
809 1567 838 1609 v.
857 1549 907 1615 10.
921 1545 980 1615 υἱοί
1000 1549 1078 1623 dieti,
1100 1549 1278 1632 intelligendi

109 1663 188 1727 sunt,
204 1664 235 1716 et
249 1653 345 1716 verbis
360 1653 433 1716 haee
446 1654 591 1716 sententia
607 1655 722 1716 subest:
738 1653 780 1716 Ut
803 1673 856 1734 ego
877 1653 908 1715 in
929 1655 1059 1717 adversis
1081 1655 1134 1717 tibi
1157 1657 1276 1731 oonlido,

109 1761 153 1824 sio
166 1771 197 1822 et
212 1759 295 1822 liberi
311 1758 363 1832 tui,
379 1779 451 1840 quos
466 1777 549 1820 meae
558 1759 726 1842 disciplinae
740 1759 904 1836 tradidisti;
919 1760 999 1822 sicet
1008 1761 1139 1824 homines
1152 1762 1277 1824 onltores

14 1939 25 1952 .
112 1863 177 1930 mei.
209 1865 383 1946 Proponitur
397 1865 496 1946 itaque
511 1863 646 1928 Christus
665 1875 806 1947 tanquam
823 1867 919 1940 homo,
941 1865 999 1948 qui,
1023 1877 1056 1928 ut
1071 1866 1122 1928 alii
1138 1867 1277 1940 homines,

111 1971 222 2052 pariter
244 1971 378 2034 fiduciam
401 1989 485 2033 suern
507 1971 537 2033 in
556 1972 620 2034 Deo
641 1972 771 2037 oollooat.
788 2007 831 2019 -
846 1969 933 2042 Quod
953 1990 1021 2036 vero
1042 1972 1137 2054 ipsum
1159 1972 1277 2036 Jesaiae

111 2079 206 2140 locum
222 2097 259 2139 ex
275 2077 363 2140 Alex.
379 2077 509 2140 versione
524 2077 648 2158 petitum
663 2077 777 2152 attinet,
793 2099 879 2142 sensu
901 2078 1007 2141 literali
1029 2087 1112 2142 vates
1131 2078 1172 2141 ibi
1187 2081 1277 2161 proil-

113 2193 202 2257 tetnr‚
218 2203 249 2244 se
264 2183 359 2264 ipsum
375 2193 406 2245 et
420 2183 495 2246 filios
510 2203 577 2246 suos
592 2203 673 2264 spem
690 2184 881 2266 fiduciamque
896 2203 978 2246 suam
995 2185 1024 2246 in
1034 2185 1096 2246 Deo
1110 2202 1254 2267 reponere.

209 2309 238 2351 v.
256 2291 305 2356 14.
332 2286 416 2355 ’mu
436 2286 487 2356 οὖν
511 2294 549 2357 τὰ
574 2292 677 2356 παιδία
699 2297 901 2380 κεκοινώνηκα
924 2289 1050 2379 αἵματος
1083 2295 1130 2357 sel
1152 2299 1276 2379 σαρκὸς,

110 2400 164 2462 καὶ
189 2393 279 2470 αἰπὺς
303 2399 524 2484 παραπλησίως
547 2404 674 2485 μετέσχε
697 2411 754 2464 τῶν
779 2395 883 2477 αὐτῶν,
905 2395 955 2464 ἵνα
979 2399 1028 2464 διὰ
1060 2408 1113 2464 τοῦ
1138 2401 1275 2466 θανάτου

109 2510 289 2589 καταργήσῃ
305 2508 355 2570 τὸν
370 2508 403 2569 τὸ
419 2509 539 2589 κράτος
548 2504 661 2592 ἔχοντα
675 2515 728 2571 τοῦ
743 2507 890 2580 θανάτου,
911 2511 1027 2579 τουτὲςι
1050 2508 1100 2570 τὸν
1122 2505 1276 2588 διάβολον,

205 2627 233 2674 v.
246 2610 295 2678 m.
310 2614 362 2675 καὶ
377 2608 545 2696 ἀπαλλάξῃ
560 2613 693 2689 τοὺτους,
708 2608 774 2676 ὅσοι
790 2614 874 2697 φόβῳ
883 2614 1019 2678 θανάτου
1034 2611 1084 2675 διὰ
1098 2614 1209 2684 παντὸς
1223 2621 1276 2677 τοῦ

110 2721 165 2803 ζῇν
181 2715 285 2802 ἔνοχοι
300 2714 378 2802 ἦσαν
394 2718 542 2791 δουλείας.
557 2751 600 2762 --
616 2715 646 2780 S.
662 2725 770 2789 eumer,
785 2718 834 2796 qui
850 2716 880 2778 in
895 2736 929 2779 eo
944 2717 1068 2788 laborat,
1083 2726 1117 2778 ut
1131 2719 1275 2788 ostendat,

114 2822 265 2886 Christum
280 2823 436 2886 hominem
452 2843 514 2884 esse
529 2821 669 2896 debuisse,
685 2821 800 2885 dixerat
814 2843 842 2888 v.
856 2824 914 2897 11,
930 2842 995 2884 eum
1015 2823 1177 2884 eteultores
1186 2823 1277 2904 ipsius

110 2950 148 2992 ex
156 2932 257 2992 eodem
264 2927 337 3014 (soil.
347 2925 444 3013 patre)
453 2938 609 3004 esseortos,
619 2929 780 3011 esseipsins
788 2930 898 2995 fratres
908 2926 993 2999 Quae
1001 2927 1116 3010 quidem
1126 2929 1278 3010 descriptio

110 3055 176 3099 oum
193 3055 250 3098 non
266 3035 338 3097 setis
359 3036 439 3097 olera
461 3035 550 3099 videri
574 3046 679 3116 posset,
701 3047 790 3116 atque
812 3034 971 3116 perspicua,
993 3055 1069 3096 nuno
1090 3045 1178 3097 antea
1198 3037 1276 3098 dieta

110 3142 204 3224 magis
219 3142 380 3224 amplificat
395 3141 565 3224 pleniusque
574 3141 704 3223 exponit,
719 3141 784 3204 dein
794 3141 932 3214 declarat,
947 3160 1032 3222 quem
1049 3140 1079 3202 in
1088 3141 1172 3203 linem
1190 3142 1276 3206 homo

110 3253 205 3313 faetus
228 3247 266 3310 sit
288 3247 430 3314 Christus.
447 3285 486 3294 -
504 3250 539 3310 In
561 3249 640 3311 oodd.
658 3269 690 3326 pq,
706 3247 745 3321 A,
761 3248 795 3320 Β,
812 3243 844 3320 O,
860 3247 896 3319 D,
916 3247 1015 3319 lew
1030 3245 1274 3330 (eodilamburg.

109 3375 183 3418 eaeo
199 3354 256 3416 IX.
272 3356 330 3417 duo
344 3355 507 3436 fragmenta
521 3353 720 3435 epistolae·ad
735 3353 885 3415 Hebraeos
900 3349 1061 3436 eontinent)
1083 3353 1203 3434 legitur:
1226 3351 1274 3418 od·

110 3483 208 3549 ματος
223 3451 276 3526 καὶ
292 3465 418 3546 ααραός;
436 3469 536 3522 textus
557 3467 689 3539 reseptos
710 3477 777 3521 vero
793 3459 899 3521 habet:
923 3462 1036 3544 σαρκὸς
1058 3462 1110 3524 καὶ
1133 3457 1274 3546 αἵραααςς

113 3567 200 3630 leotlo
215 3565 292 3646 prior
307 3575 406 3628 autem
421 3573 500 3648 (oum
509 3567 629 3629 Iaohm.
640 3575 671 3626 et
679 3561 845 3646 lisohend.)
860 3565 1048 3646 praeferenda
1062 3573 1120 3639 est;
1137 3565 1277 3646 posterior

109 3672 186 3734 enim
203 3669 288 3734 leotio
303 3690 340 3732 ox
349 3671 572 3734 ooniormatione
588 3669 642 3734 looi
657 3670 747 3732 nostri
762 3689 828 3732 oum
837 3669 1019 3751 frequentiori
1035 3670 1178 3732 locutione
1193 3671 1231 3736 N.
1241 3671 1275 3731 Τ.

110 3779 200 3843 Mtth.
216 3775 304 3841 XVI.
325 3778 389 3850 l‘l.;
411 3777 435 3842 I.
450 3775 516 3842 Cor.
538 3776 612 3841 XV.
627 3777 695 3852 50.;
712 3774 781 3840 Gal.
796 3779 821 3843 1.
839 3775 902 3859 16.)
923 3786 988 3838 orta
1009 3795 1071 3838 esse
1092 3776 1214 3840 videtur.
1232 3811 1275 3824 -

111 3883 196 3971 Alpa
211 3884 367 3946 seeundum
383 3881 545 3944 Levitioum
561 3881 678 3967 (xvir.
697 3881 761 3966 11.)
777 3882 911 3964 spiritum
926 3881 1013 3954 vitae,
1029 3901 1079 3942 seu
1090 3881 1228 3954 animam,
1244 3880 1274 3942 iu

109 4011 140 4052 se
155 3987 302 4064 oontiust;
318 3987 385 4052 hino
399 3986 475 4074 oripo
490 3993 542 4054 καὶ
558 3989 633 4074 σάρξ
649 3990 786 4051 denotat:
802 3987 929 4050 animem
946 3997 977 4048 et
991 4005 1102 4067 eorpus,
1122 3986 1183 4048 sive
1199 3986 1276 4048 inte-

109 4113 190 4176 gram
207 4095 366 4157 humanam
384 4104 518 4156 naturam
534 4094 633 4156 anima
648 4103 679 4156 et
693 4111 809 4175 eorpore
824 4093 1024 4173 compositam,
1047 4083 1097 4152 seir
1120 4091 1274 4157 hominem

110 4203 144 4262 ln
160 4201 275 4281 seriptis
289 4200 492 4263 Rabbinomm
507 4210 538 4260 et
552 4199 581 4262 in
597 4199 679 4262 libris
694 4201 733 4266 N.
742 4201 776 4264 T.
793 4197 908 4279 phrasis
917 4199 990 4260 hsoo
999 4215 1085 4277 saepe
1100 4197 1143 4263 ite
1151 4197 1276 4278 ponitur,

111 4317 143 4368 ut
158 4307 288 4386 designet
309 4305 456 4367 homiuem
478 4306 615 4370 adiunota
638 4305 804 4385 &agilitatis
827 4313 895 4369 nota
918 4323 968 4364 seu
992 4303 1276 4385 mortalitatisque
