3096 4886
251 323 317 394 214
648 320 886 390 mmm
906 317 1036 372 14-24·

253 504 350 586 capt,
367 503 488 580 surra
502 507 645 576 Amara,
668 501 760 586 Vulp.
781 509 811 563 et
824 501 934 564 multos
947 501 1061 568 Petrus.
1089 498 1252 582 Apostolus
1272 511 1424 582 comperet

251 608 421 692 sanguinem
443 607 552 671 Obn'sti
582 627 648 672 com
679 609 819 690 unguine
840 608 929 682 Abel,
948 608 1046 689 quood
1066 606 1216 688 utriusque
1237 606 1421 672 locutionem

251 715 377 798 Sunguis
399 716 477 778 euim
498 709 579 778 Abel
602 714 760 778 vindictum
783 715 966 796 loquebatur,
987 714 1099 777 dicente
1119 714 1245 776 Domino
1269 715 1310 776 ed
1332 713 1422 776 cuin:

252 869 265 900 ,
279 823 349 888 Voc
361 824 531 906 mainis
539 823 663 904 scabis
680 821 857 886 turcum
869 822 914 885 cd
927 841 976 885 m
990 821 1029 885 dc
1043 826 1162 886 brec*
1178 817 1424 906 (Gen.IV.10.);

123 975 125 980 -
250 929 371 1010 mugnis
382 938 482 992 sutem
499 927 609 990 Christi
624 928 728 990 melius
742 927 878 1009 loquitur,
892 927 963 1009 quia
975 927 1093 990 venium
1106 927 1235 1008 loquitur
1249 926 1424 1007 etgrutiem,

253 1045 285 1098 et
298 1033 438 1098 benefida
450 1033 591 1107 unanima,
607 1033 776 1097 felicitatem
789 1051 945 1117 perennem
968 1033 1053 1096 nobis
1075 1033 1196 1113 expetit
1212 1068 1255 1080 -
1271 1037 1358 1119 παρὰ
1372 1038 1422 1101 τὸν

246 1137 350 1227 ’Apa
366 1139 567 1224 brachylogice
581 1140 692 1204 dicum
706 1150 752 1204 est
765 1158 833 1222 pm:
847 1143 980 1237 uupdlc'c
994 1138 1071 1229 <ripn
1085 1147 1139 1208 scd
1155 1135 1268 1224 Ἀβιλ.
1354 1177 1361 1185 -

658 1369 1009 1453 Parepbresis.

629 1511 703 1596 (inp.
726 1511 801 1578 ΧΠ
832 1532 881 1576 vv.
909 1513 1047 1580 14-24.

339 1654 468 1720 Studiosi
489 1665 581 1720 estote
595 1655 677 1737 pecis
691 1654 901 1718 cumomuibus
915 1663 946 1717 et
959 1655 1175 1730 sanctimoniae,
1189 1676 1250 1741 que
1263 1657 1425 1739 destitutus

250 1783 335 1828 nemo
349 1762 494 1846 particeps
508 1763 564 1824 erit
571 1761 720 1825 felicitatis
728 1770 796 1842 post
810 1769 932 1824 mortem
942 1781 1082 1836 summae,
1098 1761 1292 1845 providentes,
1308 1765 1423 1848 nequis

249 1871 325 1934 inter
354 1889 408 1932 vcs
438 1869 538 1936 favore
569 1867 625 1930 Dei
648 1867 773 1942 excidat,
807 1887 844 1930 nc
872 1868 938 1948 quis
967 1867 1006 1930 sit
1028 1867 1103 1930 inter
1125 1887 1195 1942 vos,
1230 1868 1281 1950 qni
1311 1871 1423 1934 fructus

253 1977 323 2040 edat
345 1991 462 2038 amaros
490 1973 661 2037 vitiosmum
684 1991 804 2055 operum
831 1982 885 2036 ant
914 1991 1114 2056 perversorum
1144 1976 1330 2056 dogmatum,
1355 1975 1423 2057 qni-

250 2085 307 2146 bns
331 2081 430 2144 unitas
451 2088 550 2142 vestra
574 2081 715 2153 turbetur,
739 2088 770 2142 et
792 2096 844 2160 por
867 2079 960 2144 talem
973 2079 1059 2143 multi
1082 2082 1269 2156 seducantur3
1294 2101 1333 2144 ne
1356 2082 1423 2164 quis

248 2188 363 2252 intersit
384 2186 477 2250 coetui
502 2195 598 2249 vestro
623 2195 764 2250 scortator
783 2186 833 2248 vel
854 2204 1000 2250 sacrorum
1029 2196 1196 2262 contemtor,
1218 2187 1316 2269 prouti
1331 2189 1422 2266 Esau,

249 2293 299 2376 qui
323 2311 376 2374 pro
401 2292 484 2356 unico
508 2291 604 2356 edulio
631 2291 677 2356 ius
706 2292 948 2374 primogeniturae
971 2293 1117 2370 vendidit3
1148 2303 1249 2357 notum
1273 2304 1319 2356 est
1342 2296 1422 2358 cuim

249 2399 342 2474 vobis,
357 2400 496 2474 Fsevum,
512 2418 691 2483 quamquam
713 2408 780 2480 post
800 2398 951 2462 venditam
972 2399 1227 2480 primogenituram
1248 2401 1341 2464 vellet
1365 2404 1422 2464 ob-

251 2507 342 2570 tinere
357 2505 586 2570 benedictionem
600 2504 791 2586 primogenito
805 2505 992 2579 destinatum,
1007 2515 1124 2587 epatre
1138 2506 1287 2588 repulsam
1302 2507 1421 2583 tulisse3

250 2630 308 2677 uon
323 2613 401 2678 euim
415 2612 599 2695 potuitapud
609 2619 724 2693 putrem
733 2631 819 2674 suum
834 2611 945 2674 consilii
954 2611 1146 2676 mutationem
1155 2613 1274 2688 efficere,
1283 2614 1420 2696 quamvis

249 2739 315 2784 eam
329 2738 396 2784 cum
411 2717 549 2801 lucrymis
564 2727 721 2801 quaereret
746 2717 815 2780 Non
829 2718 907 2780 enim
916 2717 1076 2782 accessistis
1090 2721 1128 2782 ed
1143 2728 1272 2782 montem
1288 2729 1420 2783 contrec-

248 2824 371 2888 tabilem
386 2834 418 2887 ct
431 2826 496 2906 igne
511 2843 672 2898 accensum,
688 2823 865 2886 etnebulam
880 2825 1054 2887 ettenebras
1069 2825 1274 2908 etproccllum,
1289 2835 1320 2888 et
1328 2827 1421 2888 tubae

249 2931 385 3004 sonitum,
400 2940 430 2992 et
443 2949 553 3008 vocem,
569 2949 630 3011 qua
643 2930 724 2993 Deus
738 2949 792 2992 sua
813 2939 968 3010 praecepta
982 2930 1192 3012 proclamabat
1214 2931 1297 2994 cuius
1318 2941 1421 3002 tentus
1537 2937 1538 2966 l

251 3045 315 3098 erut
329 3037 432 3117 fragor,
447 3046 482 3098 ut
495 3055 561 3100 eum
576 3035 726 3100 audientes
741 3036 925 3119 expavefacti
939 3037 1083 3118 deprecati
1099 3037 1166 3112 sint,
1182 3058 1218 3100 ne
1233 3047 1364 3118 pergeret
1377 3036 1420 3100 eis

248 3141 328 3226 loqui
342 3143 432 3216 Deus,
446 3144 498 3206 sed
513 3143 633 3224 Moyses
647 3143 710 3224 ipsc
724 3142 890 3224 loqueretur
904 3142 962 3220 cis;
984 3162 1078 3224 neque
1096 3143 1173 3206 euim
1194 3145 1268 3206 ferre
1282 3153 1420 3225 poterent

250 3249 326 3312 illud
340 3247 465 3312 edictum
480 3248 550 3311 Dei:
566 3248 656 3312 etiam
664 3249 785 3320 animal,
793 3249 818 3312 si
828 3248 956 3330 tetigerit
964 3259 1102 3322 montem,
1111 3249 1260 3331 lapidibus
1268 3251 1423 3336 obruatur(

250 3354 367 3417 Etenim
382 3357 455 3418 adeo
469 3354 606 3418 terribilis
621 3364 685 3418 urat
698 3355 808 3437 species
821 3373 925 3430 rerum,
940 3375 1016 3438 quae
1031 3356 1141 3420 fiebunt
1154 3356 1184 3418 in
1198 3357 1254 3420 boc
1261 3366 1369 3429 monte,
1384 3365 1420 3418 ut
1536 3353 1537 3373 ¹

247 3461 366 3542 Moyses
374 3460 436 3542 ipse
451 3460 571 3524 dixerit:
587 3460 751 3542 deterritus
759 3481 825 3524 sum
834 3471 864 3526 et
878 3465 1094 3530 tremebundus.
1125 3461 1184 3526 Sed
1198 3462 1361 3526 accessistis
1375 3464 1415 3524 ud
1535 3503 1536 3510 ι

248 3565 366 3630 Sionem
388 3577 517 3630 montem
539 3577 570 3630 et
590 3568 739 3632 civitatum
761 3569 817 3632 Dei
838 3570 907 3645 veri,
933 3570 1168 3654 Hierosolymam
1192 3571 1355 3644 coelestem.
1376 3571 1422 3656 ud¹

246 3682 360 3740 coetum
375 3674 438 3738 Deo
452 3692 592 3750 carorum,
608 3675 658 3758 qui
673 3675 784 3740 civitati
799 3675 915 3740 coelesti
931 3677 1068 3759 adscripti
1082 3685 1159 3750 sunt,
1174 3678 1212 3738 ad
1228 3677 1323 3738 Deum
1339 3675 1417 3738 iudi-

246 3797 309 3844 cem
323 3780 461 3856 omnium.
476 3781 515 3844 ad
530 3780 650 3862 spiritus
657 3781 798 3846 iustorum
813 3783 873 3846 iem
890 3786 1050 3858 beatorum,
1066 3785 1104 3846 ad
1115 3777 1293 3865 Jesum'qui
1308 3801 1416 3845 novum
1534 3797 1535 3840 ι

248 3887 349 3948 foedus
363 3887 438 3948 iuter
453 3887 549 3950 Deum
564 3896 595 3950 et
608 3887 741 3952 homiues
763 3888 838 3964 lecit,
860 3891 898 3954 ad
920 3890 1100 3971 sanguinem,
1121 3910 1179 3972 quo
1200 3889 1417 3954 sanctificentur

246 3991 356 4068 fideles,
371 3991 421 4076 qui
437 3993 555 4074 seuguis
570 3991 678 4058 Christi
693 3994 844 4078 benignius
853 3995 981 4079 loquitur
995 4017 1083 4080 quum
1099 3997 1216 4081 sanguis
1225 3996 1340 4060 Abelis.
