3064 4894
554 335 839 413 mansuaria-a
1239 351 1282 421 99

113 529 160 591 vel
177 526 377 616 percrepare)
409 525 495 597 Quod
511 528 535 589 si
557 546 623 608 ergo
645 528 795 608 apostolus
815 529 1018 590 tantummodo
1033 527 1211 592 lavationem
1226 552 1249 592 s.
1265 551 1284 592 a

113 633 230 697 Christo
246 635 412 696 institutam
436 634 554 714 cogitari
570 635 718 707 voluisset
730 625 834 714 latique
850 633 1025 714 scripsisset:
1051 637 1281 723 βαπτισμάτων;

114 763 184 804 usus
199 753 243 804 est
258 751 356 804 autem
374 763 444 805 voce
461 745 643 829 βαπτισμῶν,
659 742 727 821 quia
742 741 887 803 scribebat
902 739 1180 804 Judaeochristianis
1201 753 1231 804 et
1246 745 1284 805 ad

113 849 134 910 J
137 849 299 911 udaismum
316 869 346 910 se
362 849 577 921 inclinantibus,
593 865 645 929 pro
655 849 760 929 quibus
769 847 873 910 relatio
884 847 1088 909 lustrationum
1105 847 1283 912 iudaioarum

114 958 153 1016 ad
169 956 350 1036 baptismum
366 955 556 1018 christianum
578 964 780 1036 argumentum
803 967 857 1044 τῆς
872 955 1001 1044 διδαχῆς
1023 973 1085 1015 esse
1108 955 1206 1035 potuit
1221 953 1283 1038 (cfr.

114 1061 171 1122 IX.
192 1059 264 1144 10.).
289 1059 403 1130 Quarto
418 1061 480 1124 loco
496 1061 577 1142 ponit
586 1071 686 1124 auctor
695 1061 836 1143 epistolae
853 1059 985 1126 ἐπίθεσιν
996 1073 1113 1147 χειρῶν,
1130 1081 1180 1142 per
1195 1081 1284 1142 quam

115 1168 177 1229 sine
194 1168 282 1230 dubio
298 1167 381 1230 illam
396 1187 536 1229 manuum
552 1167 765 1249 impositionem
780 1167 926 1250 intelligit
946 1188 1021 1248 quae
1036 1167 1169 1229 fidelihus
1184 1169 1284 1230 statim

114 1280 183 1355 po'st
194 1273 373 1355 baptismum
383 1275 587 1349 adhibebatur,
596 1277 632 1337 de
642 1293 701 1356 qua
711 1275 806 1337 Lucas
824 1273 1118 1359 (inuet.v111.17.;
1135 1275 1226 1342 XIX.
1242 1273 1285 1358 6.)

114 1383 218 1456 refert3
240 1381 258 1444 i.
282 1401 303 1441 e
329 1392 543 1443 sacramentum
565 1381 797 1446 confirmationis.
842 1379 933 1461 Apud
954 1381 1104 1442 Hebraeos
1129 1401 1234 1462 nempe
1255 1381 1285 1444 in

115 1505 194 1549 more
210 1486 337 1568 positum
353 1497 424 1562 erat,
446 1498 480 1550 ut
501 1489 550 1569 qui
573 1487 657 1550 alteri
681 1486 780 1570 aliquo
805 1485 835 1548 in
856 1505 957 1568 genere
980 1488 1058 1549 bona
1073 1497 1285 1568 apprecaretur,

115 1593 205 1674 capiti
221 1593 312 1674 ipsius
328 1613 433 1655 manus
449 1594 616 1675 imponeret,
642 1611 717 1675 quae
740 1593 856 1674 quidem
878 1611 1019 1654 manuum
1040 1593 1187 1673 impositio
1203 1613 1285 1676 sym-

115 1701 217 1762 bolum
239 1707 302 1760 erat
323 1701 471 1774 donorum,
494 1719 569 1781 quae
592 1701 672 1761 Deus
693 1699 887 1780 impertiebat
926 1695 1025 1768 Quare
1047 1699 1137 1760 etiam
1160 1700 1284 1780 apostoli

116 1806 234 1868 lavacro
251 1823 331 1867 sacro
354 1805 496 1868 immersis
511 1826 527 1867 e
542 1805 650 1868 (lhristi
672 1805 851 1868 institutione
874 1803 1040 1867 solemniter
1063 1823 1168 1867 manus
1189 1805 1287 1888 impo-

117 1913 235 1980 nebant,
252 1912 403 1992 Deumque
420 1913 621 1993 precabantur,
636 1921 670 1974 ut
679 1912 714 1974 iis
723 1911 841 1993 spiritus
851 1932 874 1979 s.
890 1909 984 1992 gratia
998 1931 1033 1974 ac
1048 1913 1123 1973 dona
1138 1912 1287 1994 continge-

119 2028 193 2090 rent,
204 2027 236 2078 ut
245 2017 290 2078 vis
299 2026 329 2078 et
338 2017 432 2098 gratia
441 2017 541 2080 uuna
549 2017 578 2079 iu
587 2018 692 2080 animis
701 2037 799 2082 eorum
809 2038 841 2080 se
850 2019 994 2080 efficacem
1004 2020 1162 2099 praeheret,
1172 2039 1230 2101 qua
1238 2038 1288 2083 ro-

118 2124 213 2185 horati
229 2123 371 2204 intrepide
386 2122 494 2186 Christi
510 2143 614 2186 nomeu
630 2127 709 2205 apud
730 2125 830 2187 hostes
846 2124 911 2186 fidei
933 2125 1143 2187 confiterentur.
1160 2161 1200 2172 -
1218 2124 1288 2197 Qua

117 2230 253 2312 quintum
269 2238 301 2292 et
314 2239 430 2292 sextum
446 2229 591 2311 religionis
605 2221 781 2297 christianae
796 2230 972 2294 elementum
993 2231 1111 2294 adducit
1124 2233 1288 2314 apostolus:

117 2335 282 2402 ἀνάστασιν
297 2349 409 2422 νεκρῶν
426 2346 456 2398 et
470 2342 564 2424 κρίμα
582 2335 708 2403 αἰώνιον.
739 2337 841 2399 Verba
856 2336 1017 2404 ἀνάστασιν
1034 2351 1145 2424 νεκρῶν
1157 2339 1289 2401 nonnulli

119 2445 158 2504 ad
175 2443 307 2505 homines
323 2445 429 2524 probos
446 2447 580 2517 referum,
603 2445 684 2506 etad
700 2438 868 2506 felicitatem
883 2444 913 2505 in
929 2443 1023 2504 altera
1043 2445 1104 2505 vita
1118 2443 1154 2506 iis
1169 2464 1290 2526 exspec-

122 2549 260 2624 tandam3
284 2551 376 2611 verba
399 2559 496 2611 autem
519 2555 613 2636 κρίμα
637 2547 754 2614 αἰώνιον
777 2551 812 2610 de
834 2549 952 2610 miseria
974 2547 1170 2629 improborum
1192 2551 1290 2613 futura

123 2653 357 2739 interpretantur.
389 2653 446 2717 Sed
463 2655 536 2716 nihil
552 2675 656 2718 causae
679 2665 731 2728 est,
753 2674 877 2736 quarea
898 2655 1011 2736 vulgari
1033 2657 1185 2718 verborum
1200 2657 1291 2719 inter-

121 2761 284 2841 pretatione
299 2761 489 2824 reoedendum
504 2761 550 2834 sit,
566 2782 602 2823 ex
618 2781 677 2842 qua
692 2760 855 2836 ἀνάστασις
878 2764 913 2823 de
935 2759 1139 2825 resurrectione
1160 2763 1290 2826 omnium

120 2866 282 2940 hominum,
298 2877 328 2928 et
343 2871 445 2954 κρίμα,
462 2875 496 2928 ut
510 2887 596 2949 saepe
611 2867 694 2940 alias,
711 2869 746 2930 de
761 2865 864 2930 iudicio
887 2875 1017 2928 extremo
1039 2865 1192 2948 accipitur;
1214 2869 1291 2932 iudi-

120 2973 196 3035 cium
212 2983 312 3034 autem
334 2971 438 3035 dicitur
460 2971 586 3047 αἰώνιον,
604 2983 748 3057 quatenus
763 2973 824 3036 eius
840 2973 885 3036 vis
908 2983 938 3035 et
954 2973 1081 3036 efficacia
1097 2974 1126 3035 in
1142 2985 1291 3039 aeternum

120 3081 211 3144 valet.
520 3069 523 3076 ’

211 3205 237 3248 v.
250 3187 278 3250 3.
295 3183 358 3250 Kal
374 3195 461 3251 τοῦτο
477 3193 640 3274 ποιήσομεν
648 3189 855 3274 [ποιήσωμεν],
864 3185 972 3272 ἐάνπερ
983 3185 1150 3274 ἐπιτρέπῃὸ
1162 3186 1289 3262 Oete.—

128 3291 186 3352 Pro
203 3299 368 3380 ποιήσομεν
385 3291 428 3374 (in
444 3293 524 3354 codd.
540 3293 574 3357 B.
585 3293 668 3358 K.L,
687 3293 822 3373 aliisque;
838 3293 866 3354 in
884 3293 1013 3355 versione
1031 3293 1126 3366 Itala,
1147 3293 1294 3378 Valpata

126 3395 266 3480 Coptica,
278 3397 415 3480 Syriaca
425 3406 574 3481 atraque3
589 3399 669 3481 apud
684 3395 1160 3480 CitrysoetomamAmbrosiam
1170 3401 1234 3486 etc.)
1244 3423 1294 3464 co-

124 3504 202 3566 dices
218 3503 349 3566 nonnulli
366 3503 418 3586 (A,
434 3503 474 3578 Ο,
482 3505 519 3578 Ι),
535 3507 569 3578 Ε,
585 3503 694 3592 etalii)
719 3505 859 3566 exhibent
874 3505 1025 3568 lectionem
1041 3513 1212 3594 ποιήσωμεν
1218 3527 1227 3582 ;
1243 3510 1293 3570 sed

123 3611 172 3672 hic
186 3629 244 3673 aar.
261 3611 401 3675 coniunct.
418 3612 541 3692 analoge
557 3613 595 3674 ad
610 3613 778 3699 φερώμεθα
793 3610 834 3689 (ν.
847 3610 889 3698 1.)
906 3622 1085 3674 constructus
1100 3631 1161 3674 esse
1170 3613 1294 3686 videtur,

122 3725 300 3798 quapropter
323 3717 406 3779 lectio
431 3723 592 3806 ποιήσομεν
617 3717 694 3801 (cum
710 3719 841 3780 Lachm.
863 3729 892 3778 et
909 3716 1082 3800 Tischead.)
1099 3721 1293 3798 praeferenda.

122 3859 167 3870 -
183 3823 272 3885 Haud
289 3823 373 3903 pauci
390 3823 559 3904 interpretes
575 3825 665 3885 verba
681 3821 767 3885 huius
782 3841 881 3886 versus
897 3825 992 3904 priora
1006 3826 1132 3885 referunt
1146 3827 1183 3886 ad
1200 3823 1294 3905 prima

124 3929 270 4010 religionis
290 3929 435 3990 elementa
456 3929 487 3990 in
512 3923 748 3991 antecedentibus
769 3932 809 3992 ab
831 3929 963 4010 apostolo
986 3931 1116 4002 laudata,
1139 3939 1172 3991 ut
1194 3949 1294 3992 seusus

125 4038 265 4116 procedat
282 4036 343 4098 bic:
359 4035 418 4098 alio
434 4046 571 4116 tempore,
593 4035 617 4096 si
637 4037 699 4097 Deo
715 4035 819 4116 placet,
841 4035 894 4097 illa
916 4035 1010 4116 prima
1031 4035 1176 4116 religionis
1197 4036 1295 4116 capita

124 4152 299 4224 repetamus.
331 4141 387 4204 His
402 4158 469 4203 vero
492 4139 535 4202 ita
549 4141 747 4204 statuentibus
761 4151 957 4222 opposuerunt
971 4141 1037 4203 alii:
1053 4141 1077 4202 si
1093 4143 1224 4221 apostolo
1240 4143 1295 4222 ipsi

219 4369 238 4438 r)
258 4371 308 4420 cst,
329 4367 440 4435 Btspe‘ap
458 4371 475 4419 l.
496 4385 525 4430 a,
545 4369 581 4421 St
602 4367 661 4420 131.
680 4373 713 4428 t.;
732 4369 811 4420 Bleek
828 4377 853 4420 et
871 4372 940 4426 alios.
