3096 4886
288 297 350 370 176
707 297 834 368 Expositio
852 297 883 354 X.
902 295 1017 356 35-87.

283 491 348 544 mat
361 481 450 544 etiam
465 481 603 546 orationis
619 501 719 556 nexus,
735 490 765 543 et
781 481 860 546 loeus
874 481 963 546 XIII.
979 485 1019 557 3,
1033 481 1085 545 nbi
1100 483 1222 564 legitm:
1248 487 1461 572 μιμνῆσνιεαθε

285 599 342 655 τῶν
358 589 493 678 δεσμίων.
523 587 621 652 Facile
630 588 720 651 etiam
738 589 991 676 osoplorc'mutari
1007 590 1103 671 potuit
1117 589 1147 652 in
1162 591 1299 676 δεσμοῖς.
1310 614 1462 677 -προς-

283 695 430 783 δίχεοθαι
445 698 566 759 denotat
580 696 609 758 h.
620 695 640 762 l.
655 695 735 769 ferre,
750 696 881 758 tolerare.
898 734 928 743 -
944 695 1078 777 Vulgata
1091 697 1201 759 omittit
1207 701 1301 758 verba
1316 696 1350 762 ἐν
1366 695 1462 784 οὖρα-

282 813 360 880 νοίς;
377 824 479 868 sensus
494 804 583 865 etiam
598 801 634 864 iis
649 801 763 864 omissis
785 801 861 864 idem
884 813 992 868 manet.
1013 803 1115 864 -Pro
1131 801 1251 877 ἑαυτοῖς
1271 801 1381 888 (quam
1400 805 1462 868 loo-

283 911 390 976 tionem
406 911 443 974 D.
460 911 493 972 a
510 909 548 972 X.
565 909 609 984 L,
633 907 770 990 permulti
792 907 954 982 minusculi,
978 907 1224 992 Chryaootomua
1244 911 1460 974 tumorum

283 1029 315 1082 et
329 1017 380 1082 alii
395 1012 565 1099 defendunt)
587 1015 616 1078 in
638 1013 813 1096 quibusdam
836 1014 918 1077 libris
939 1014 1044 1096 legitur
1067 1014 1098 1080 ἐν
1119 1013 1249 1092 ἑαυτοῖς,
1271 1037 1352 1097 quae
1374 1017 1460 1079 leotio

281 1124 419 1207 originem
434 1142 518 1186 snam
534 1123 621 1184 debet
629 1121 841 1203 grammaticis3
857 1119 975 1196 ἑαυτοῖς
984 1132 1083 1184 autem
1098 1133 1143 1184 est
1157 1124 1276 1184 dativus
1295 1125 1460 1186 commodi:

280 1231 437 1314 repositam
458 1228 543 1292 vobis
564 1228 768 1291 substantium.
791 1264 834 1274 -
857 1225 991 1314 ἱίπαρξις,
1023 1231 1100 1310 quod
1121 1231 1303 1313 Hesychius
1326 1231 1461 1312 explieat

280 1337 422 1402 voeabulo
438 1331 533 1408 οὐσία,
548 1333 721 1407 substantia,
736 1333 813 1396 idem
828 1333 945 1410 indicat,
960 1337 1037 1416 quod
1053 1331 1239 1422 ὑπάρχοντα,
1255 1338 1346 1410 bona,
1362 1337 1459 1400 faonl-

280 1453 372 1518 tates;
388 1441 456 1506 hino
469 1447 609 1528 κρείττων
625 1437 750 1527 irrepit:
766 1449 850 1503 notat
864 1441 976 1504 maiora
990 1450 1020 1504 et
1034 1443 1248 1522 praestantiora
1269 1444 1360 1516 bona,
1382 1463 1459 1526 quae

281 1547 431 1614 christiani
446 1547 476 1610 in
492 1547 555 1610 vita
571 1532 775 1630 postmortem
791 1549 1094 1629 futuraexspeotanda
1103 1549 1222 1620 habent,
1239 1559 1384 1630 perpetuo
1400 1551 1458 1611 dn-

278 1665 389 1732 raturo,
404 1673 525 1738 qnorum
535 1654 618 1718 nulla
627 1663 671 1716 est
683 1652 836 1743 ἁρπαγῆς
852 1664 1003 1735 propterea
1012 1656 1084 1718 haec
1098 1652 1224 1741 ὅπαρξις
1233 1655 1325 1717 etiam
1334 1667 1459 1720 vooatur

280 1770 413 1852 μένουσα
429 1759 492 1848 (olr.
508 1763 599 1828 Mtth.
613 1761 669 1826 VI.
685 1761 754 1836 20.;
769 1761 820 1826 Lo.
835 1760 908 1826 XII.
924 1759 999 1844 33).

370 1891 397 1932 v.
414 1869 466 1938 35.
482 1865 536 1958 Μὴ
553 1867 729 1954 ἀποβάλητε
745 1863 796 1932 οὖν
806 1863 1136 1956 τὴνπαρβηοίανῦμίον,
1151 1867 1216 1956 ἥτις
1231 1868 1299 1955 ἔχει
1314 1873 1456 1957 μεγάλην
1530 1887 1531 1952 ἢ

279 1979 529 2068 μισθαποδοσίαν.
549 2009 587 2020 -
604 1970 658 2062 Μὴ
676 1971 854 2060 ἀποβάλητε
869 1973 1033 2054 aVulgata
1042 1974 1185 2036 redditur:
1201 1975 1292 2037 nolite
1306 1977 1454 2038 amittere.

278 2087 380 2150 Habet
393 2082 509 2164 quidem
519 2081 640 2142 verbum
657 2078 847 2164 ἀποβάλλειν
863 2079 1022 2144 notionem:
1037 2079 1179 2142 iacturam
1189 2082 1291 2156 faeere,
1300 2083 1455 2156 amittere;

277 2193 328 2254 sed
343 2189 438 2272 prima
452 2197 483 2252 et
497 2185 613 2270 propria
627 2185 689 2249 eius
708 2185 878 2268 significatio
900 2195 956 2250 est:
979 2186 1112 2262 abiioere,
1135 2197 1166 2249 et
1187 2187 1262 2263 dein,
1285 2189 1359 2264 quia
1377 2211 1454 2272 qnae

277 2296 437 2370 obiicimus,
454 2303 633 2357 oontemnere
655 2293 790 2366 solemus,
812 2300 1000 2370 oontemnere,
1022 2293 1181 2376 repudiare.
1218 2295 1364 2358 Admissa
1387 2298 1418 2358 h.
1435 2296 1453 2358 l.
1530 2279 1531 2362 i

277 2403 372 2488 prima
386 2422 421 2465 ao
435 2399 551 2484 propria
566 2399 646 2462 verbi
662 2399 777 2462 notione
792 2398 907 2480 gravior
921 2399 1066 2462 sententia
1088 2411 1118 2462 et
1131 2400 1272 2464 orationis
1293 2403 1378 2464 seriei
1396 2424 1452 2484 ap·
1530 2379 1531 2411 λ

277 2511 369 2594 prime
384 2509 571 2574 aooomodata
586 2506 721 2589 prooedit.
752 2504 928 2568 Cohortatnr
943 2505 1179 2588 enimapostolus
1195 2508 1328 2584 lectores,
1345 2530 1383 2571 ne
1400 2511 1452 2572 de-

282 2617 382 2682 floiant
396 2627 503 2680 temere
518 2615 557 2676 ab
568 2613 669 2696 agnita
675 2612 807 2686 veritate,
815 2614 851 2674 de
860 2632 918 2694 qua
925 2613 1082 2676 defectione
1097 2631 1186 2696 supra
1200 2615 1328 2696 graviter
1339 2615 1455 2679 loeutus

275 2735 347 2792 erat.
363 2761 407 2775 —
431 2719 584 2809 παρβηοία
606 2721 635 2782 h.
660 2721 679 2782 l.
703 2719 750 2802 (ut
764 2740 792 2781 v.
818 2717 881 2804 19.)
905 2729 949 2782 ost
970 2720 1083 2795 fiducie,
1105 2741 1171 2802 opes
1195 2720 1366 2796 pertissima,
1391 2744 1452 2786 esse

197 2817 204 2830 ’
275 2831 411 2896 nimimm
426 2827 510 2893 nobis
525 2827 555 2890 in
570 2827 649 2890 ooelo
664 2826 792 2908 reposita
806 2828 884 2890 bona
899 2827 1019 2890 meliora
1033 2837 1122 2909 atque
1136 2838 1263 2890 aeterna.
1274 2865 1319 2875 —
1331 2836 1450 2917 μισθα·

275 2941 403 3006 ποδοοία
426 2945 472 3000 est
493 2933 695 3008 remuneratio,
718 2951 834 3006 merces,
856 2933 1030 3014 praemium3
1052 2935 1172 2997 ooourrit
1195 2937 1249 2998 hoo
1269 2939 1451 3000 vocabulum

274 3045 364 3108 etiam
379 3045 418 3106 II.
436 3045 475 3118 2ἡ
490 3041 547 3107 XI.
564 3043 617 3109 26.
648 3037 708 3111 Qui
723 3039 805 3102 illam
822 3037 989 3128 παβρησίαν
1008 3041 1064 3104 alit
1087 3051 1117 3103 et
1131 3043 1218 3116 fovet,
1242 3043 1384 3124 praemiis
1403 3063 1451 3107 or-

274 3150 392 3214 nabitur
406 3146 564 3211 uberrimis.
1529 3137 1530 3172 i

364 3277 392 3319 v.
408 3257 460 3324 36.
477 3249 649 3345 Ὑπομονῆς
658 3259 716 3341 γὰρ
726 3254 812 3342 ἔχετε
822 3257 936 3342 χρείαν,
945 3252 996 3322 ἵνα
1005 3259 1038 3322 τὸ
1054 3257 1184 3342 θέλημα
1199 3265 1251 3321 τοῦ
1262 3253 1341 3322 Θεοῦ
1357 3265 1449 3348 ποιή-

216 3391 220 3402 ·
274 3387 386 3442 σαντες,
401 3367 574 3449 κομίσησθε
589 3368 642 3451 τὴν
658 3360 845 3444 ἐπαγγελίαν.
864 3397 904 3409 -
915 3358 1068 3449 Ὑπομονή
1083 3361 1238 3444 opponitur
1246 3374 1284 3449 τῇ
1301 3361 1450 3452 ἀποβολῇ

274 3485 329 3562 τῆς
343 3467 513 3557 παρβησίας
530 3465 571 3554 (ν.
588 3465 663 3553 δᾶ),
678 3467 787 3530 indioat
801 3487 867 3550 ergo
883 3469 1083 3535 constantiam,
1103 3504 1142 3515 —
1160 3471 1315 3531 Formula:
1338 3476 1372 3536 τὸ
1392 3478 1451 3537 θέ-

275 3581 361 3666 λημα
375 3586 429 3644 τοῦ
445 3575 522 3642 Θεοῦ
538 3586 630 3642 ποιεῖν
645 3594 705 3637 non
720 3574 858 3656 explicari
875 3583 971 3657 potest
985 3575 1144 3657 generatim
1160 3575 1268 3638 devita
1283 3579 1452 3659 praeoeptis

275 3684 381 3749 divinis
396 3691 598 3760 oonsentanea,
613 3683 665 3744 sed
680 3691 714 3744 ut
728 3691 881 3745 contextus
903 3691 1002 3764 aperte
1017 3683 1108 3756 dooet,
1130 3681 1306 3763 explicanda
1328 3693 1376 3744 est
1392 3706 1448 3748 no-

276 3791 411 3856 minatim
425 3793 461 3854 de
476 3789 648 3863 oonstantia,
663 3808 752 3870 quam
767 3790 847 3851 Deus
862 3788 1001 3870 postulat,
1016 3788 1046 3850 in
1061 3789 1211 3851 retinenda
1226 3788 1334 3852 fiducia
1349 3809 1378 3858 v,
1398 3795 1452 3861 35.

273 3907 443 3972 memorata,
458 3899 494 3960 de
509 3894 674 3960 oonstantia
687 3895 718 3957 in
733 3895 908 3976 professione
923 3894 1068 3976 religionis
1082 3892 1276 3969 Christianae,
1298 3897 1453 3962 voluntati

272 4007 389 4071 divinae
403 4012 606 4068 oonsontanea

360 4132 388 4174 v.
405 4113 456 4178 37.
468 4106 538 4176 Ἔτι
552 4113 612 4195 γὰρ
628 4113 733 4196 μικρὸν
748 4105 819 4176 ὅσον
835 4105 915 4185 ὅσον,
931 4105 947 4174 ὁ
965 4106 1132 4196 ἐρχόμενος
1147 4108 1220 4198 ἥξει,
1243 4114 1295 4174 καί
1312 4106 1349 4175 οἷ)
1366 4134 1450 4200 χρο·

274 4233 336 4292 olet.
352 4257 394 4268 -
412 4215 480 4288 Quo
494 4216 588 4298 magis
604 4215 710 4280 excitet
719 4216 838 4279 lectores
848 4216 1093 4279 adinoonoussam
1101 4217 1132 4279 in
1141 4215 1277 4297 religione
1286 4217 1454 4284 christiana
1528 4245 1529 4306 3

276 4324 479 4398 oonstautiam,
496 4324 578 4385 dooet
593 4322 751 4402 apostolus,
766 4323 892 4386 adducto
907 4323 1072 4404 Prophetae
1091 4322 1264 4396 testimonie,
1284 4325 1452 4390 Dominum
