3094 4892
568 319 706 402 ¹Exponitio
725 319 746 368 Ι.
764 317 789 371 8.
809 317 834 370 9.
857 393 864 402 ι
913 278 920 288 ¹
1243 327 1287 394 49

210 519 239 564 v.
255 500 284 564 8.
300 503 376 584 πρὸς
398 499 431 562 δὲ
455 502 505 562 τὀν
529 493 599 562 οἷόν·
631 493 668 560 Ὁ
684 500 797 582 θρόνος
821 521 885 574 ooo,
910 494 927 561 ὁ
946 496 1030 576 Θεὸς,
1054 495 1096 571 εὶς
1121 505 1170 566 τὸν
1196 498 1288 568 αἰῶνα

122 614 174 668 τοῦ
190 601 305 678 αἰῶνος·
327 603 413 692 καὶὴ
430 599 543 688 ῥάβδος
558 599 735 689 εδδάτητσς,
752 599 864 686 ῥάβδος
881 615 935 692 τὴς
952 606 1110 688 βασιλείας
1125 629 1188 672 ooo.

212 730 239 777 v.
249 706 883 796 9.Ἠγάπι]σαςδικαιοσδνην,ααὶέμὶσησας
891 707 1024 795 ἀνομίαν·
1032 713 1081 774 διὰ
1090 721 1177 777 τοῦτο
1185 713 1289 800 ἔχρισὲ

124 811 445 892 σε,ὁΘεὸς,ὁΘεόςσσ,
454 815 557 879 ἔλαιον
565 813 779 896 ἀγαλλιάσεως
787 817 948 898 παράτοὺς
958 815 1290 903 praequm-Verba

123 923 151 983 in
168 922 214 984 his
228 924 341 983 duobus
356 920 487 982 versibus
503 919 680 983 oecurrentia
690 921 823 980 desumta
838 931 906 982 sunt
915 941 952 982 ex
961 923 1075 1002 psalmo
1084 923 1198 990 XLIII.
1211 929 1239 992 7.
1250 929 1289 1002 8,,

122 1029 171 1108 qui
186 1029 267 1089 velut
282 1027 505 1108 epithalamium
520 1031 573 1098 est,
589 1045 675 1106 quem
692 1043 759 1087 vero
774 1025 830 1104 ipsi
846 1025 952 1087 Judaei
968 1026 1043 1088 inter
1058 1029 1187 1108 psalmos
1210 1053 1289 1096 mes-

122 1135 218 1196 sianos
233 1134 393 1194 retulerunt
416 1133 496 1194 etde
519 1131 630 1220 Messia
653 1131 844 1212 explicarunt
852 1132 876 1213 1)
907 1131 1070 1212 Apostolus
1091 1139 1181 1199 verba
1203 1140 1289 1202 huius

122 1239 228 1322 psalmi
243 1239 322 1312 citat,
339 1249 372 1300 ut
387 1240 497 1320 probet,
514 1235 663 1298 Christum
688 1257 750 1298 esse
765 1254 861 1317 regem
876 1258 1030 1312 summum,
1055 1259 1089 1303 ao
1108 1256 1288 1324 perpetuum,

121 1346 250 1426 ideoque,
259 1365 323 1406 oum
333 1343 443 1426 angelis
452 1343 568 1424 quidem
584 1344 792 1404 demandatum
805 1341 843 1404 sit
852 1362 958 1404 munus
967 1343 1163 1422 ministeriale,
1173 1347 1288 1414 Christo

121 1462 221 1514 eontra
234 1472 340 1514 munus
361 1449 477 1531 regium,
493 1447 643 1510 Christum
658 1449 751 1510 multo
767 1449 1005 1529 praestantiorem
1027 1471 1088 1514 esse
1109 1457 1229 1536 augelis.
1245 1495 1287 1507 -

122 1557 328 1620 Nominativus
358 1553 375 1620 δ
400 1553 476 1629 Θεός
494 1555 541 1616 hio
574 1553 628 1616 loci
661 1574 720 1634 qua
740 1555 891 1617 vocativus
915 1556 1096 1637 aselpiendus
1119 1571 1180 1635 est;
1211 1583 1289 1627 ruore

121 1663 198 1726 enim
223 1665 420 1725 Hebraeorum
453 1671 482 1723 et
519 1659 695 1722 Graecorum
728 1661 924 1738 nominativus
954 1682 1019 1724 oum
1049 1665 1171 1728 articulo
1202 1690 1288 1750 saepe

122 1771 238 1851 ponitur
259 1787 311 1850 pro
333 1768 466 1830 vocativo
493 1763 556 1850 (cfr.
581 1767 631 1830 Lo.
653 1765 739 1828 Vlll.
761 1767 814 1832 54.
828 1767 903 1846 Eph.
923 1767 978 1830 VI.
1003 1771 1029 1832 1.
1051 1768 1119 1855 eto.)
1143 1808 1185 1818 -
1214 1773 1287 1842 αἰών

121 1878 151 1942 h.
167 1877 186 1942 l.
201 1875 351 1957 flagitante
366 1883 502 1936 oontextu
529 1881 614 1934 notat
637 1871 792 1944 saeculum,
815 1881 846 1932 et
868 1882 901 1933 ut
922 1873 1044 1935 inomni
1068 1875 1137 1950 loeo,
1161 1881 1210 1941 ubi
1226 1881 1286 1943 sive

120 1981 258 2062 singulari
274 1997 391 2041 numero
406 1978 467 2040 sive
484 1977 590 2059 plmali
606 1976 778 2058 duplicatur,
795 1978 1011 2054 aetemitatem;
1034 1977 1147 2066 ῥάβδος
1168 1987 1288 2050 denotat
1358 1961 1364 1970 δ

120 2088 232 2169 virgam
247 2085 364 2168 regiam,
381 2095 541 2165 seeptrum3
564 2102 615 2166 per
630 2083 838 2165 metonymiam
859 2094 958 2146 autem
974 2097 1147 2166 potestatem
1169 2093 1286 2173 regiam,

120 2195 288 2276 imperiu1n3
304 2189 416 2278 ῥάβδος
432 2188 599 2278 εβδὺτητος
610 2190 736 2273 pssitum
750 2201 795 2250 est
810 2208 862 2271 pro
877 2188 990 2276 ῥάβδος
1005 2190 1118 2269 εὐθεῖα,
1134 2195 1285 2279 imperium

120 2321 255 2383 aequum,
270 2301 394 2374 iustum;
410 2319 511 2362 sensus
526 2309 585 2360 est:
601 2299 754 2380 imperium
769 2298 848 2378 regni
863 2299 907 2360 tui
922 2309 967 2361 est
982 2301 1097 2367 iustum.
1121 2341 1162 2352 -
1178 2308 1287 2370 Verbis

120 2408 281 2498 ἠγάπησας
297 2409 497 2492 διααιοσδνρν,
512 2409 565 2470 καὶ
580 2403 727 2492 ἐμίσησας
743 2405 869 2492 ἀνομίαν
885 2406 1055 2486 explicatur,
1071 2413 1213 2488 quomodo
1228 2413 1286 2476 im-

121 2631 167 2682 est
182 2619 318 2700 positum.
335 2655 377 2664 —
392 2619 525 2681 Verbum
541 2623 636 2704 χρίειν
651 2637 716 2680 oum
739 2619 775 2679 de
791 2618 955 2680 homiuibus
978 2619 1100 2698 ponitur,
1123 2631 1207 2684 notat
1228 2624 1286 2686 ali-

121 2746 207 2809 quem
224 2743 337 2805 ungere,
353 2723 417 2786 oleo
432 2724 480 2784 vel
496 2723 649 2804 unguentis
664 2724 808 2797 imbuere3
830 2724 889 2784 iam
906 2725 1042 2804 quoniam
1057 2743 1138 2806 reges
1154 2730 1220 2810 ungi
1237 2752 1285 2794 so-

122 2837 234 2906 lebant,
250 2831 393 2911 siguifioat
402 2830 491 2891 etiam
506 2848 602 2910 regem
610 2830 790 2892 eonstituere.
816 2829 874 2894 Sed
884 2830 980 2892 uuotio
989 2842 1052 2893 erat
1066 2834 1182 2896 omniuo
1197 2837 1286 2899 etiam

125 2941 241 3022 siguum
251 2927 383 3012 honoris3
400 2935 617 3016 exeipIehantur
632 2935 763 2998 unctione
778 2957 823 2998 ex.
834 2955 874 3016 gr.
883 2938 1021 2998 eonvivae
1039 2937 1101 3022 (Le.
1118 2942 1188 3004 VII.
1204 2941 1286 3026 46.);

121 3047 191 3110 hino
205 3050 309 3132 χρίειν,
324 3063 390 3106 oum
406 3042 433 3104 ei
447 3041 573 3122 iungitur
588 3043 669 3104 aliud
683 3063 796 3115 nomen,
812 3045 891 3106 haud
907 3061 971 3106 raro
987 3053 1085 3106 notat:
1108 3042 1217 3122 omaro,
1240 3049 1287 3112 in-

123 3166 232 3216 struere
247 3149 308 3235 (cfr.
324 3150 391 3212 Aet.
407 3149 448 3210 X.
466 3146 546 3232 38.);
562 3159 650 3232 atque
665 3151 693 3210 h.
711 3149 729 3214 l.
746 3150 859 3211 adiecta
874 3160 941 3211 suut
956 3152 1046 3211 verba
1068 3151 1172 3220 ἔλαιον
1187 3154 1286 3237 ἀγαλ-

122 3263 269 3333 nausea
285 3255 467 3338 ἀγαλλίασις
481 3271 550 3318 vero
565 3264 609 3316 est
624 3255 774 3328 exultatio,
798 3255 939 3329 hilaritas,
955 3256 1077 3331 laetitia,
1099 3261 1228 3342 adeoque
1243 3263 1288 3324 vis
1365 3281 1367 3284 ·

124 3365 282 3428 formulae:
307 3362 392 3424 unxit
406 3371 435 3423 te
450 3361 514 3424 oleo
528 3359 725 3434 exultatiouIs,
741 3372 799 3424 est:
822 3363 944 3435 ornavit,
958 3364 1054 3426 affecit
1074 3375 1102 3426 te
1124 3367 1245 3441 laetitia,
1261 3379 1289 3430 to

122 3470 251 3534 omnium
267 3487 366 3548 regum
380 3465 578 3530 felicissimum
593 3467 724 3540 reddidit,
748 3469 801 3530 tibi
816 3469 937 3549 gloriam
959 3489 1103 3534 summam
1120 3473 1228 3536 tribuit
1244 3511 1288 3522 -

123 3578 239 3640 Verba:
256 3577 306 3640 διὰ
321 3584 409 3640 τοῦτο
425 3575 572 3636 referenda
587 3577 708 3638 suntad
724 3577 923 3656 praeoedeutia
939 3589 967 3638 et
976 3598 1095 3640 oausam
1111 3581 1288 3644 meritoriam

122 3682 265 3744 iudioaut:
281 3679 350 3761 quia
364 3679 493 3742 dilexisti
507 3680 650 3742 Iustitiam
660 3691 688 3742 et
698 3681 785 3744 odisti
802 3682 993 3762 iniquitatem,
1009 3695 1161 3764 propterea
1171 3673 1199 3748 te
1209 3690 1288 3750 Deus

123 3789 211 3848 Pater
226 3805 341 3848 summa
356 3785 451 3848 affecit
466 3787 565 3866 gloria.
582 3822 622 3832 —
641 3794 767 3874 μέτοχοι
783 3789 940 3868 generatim
961 3800 1029 3850 sunt
1043 3803 1195 3864 eonsortes,
1219 3811 1287 3872 par-

123 3893 234 3974 ticipes,
251 3893 334 3966 soeii;
350 3893 379 3953 h.
396 3892 416 3956 l.
431 3891 609 3972 intelligendi
625 3905 693 3954 sunt
708 3893 839 3956 homiues
854 3895 883 3956 iu
899 3894 1047 3956 Christum
1069 3899 1224 3969 eredentes,
1239 3899 1288 3977 qui

123 3999 231 4080 gloriae
248 3998 356 4060 Christi
371 3997 523 4078 participes
529 4000 610 4071 fiunt,
619 4002 689 4062 dum
699 4001 776 4080 regni
786 4000 847 4062 eius
856 4001 986 4064 eoelestis
995 4003 1113 4062 herede
1121 4002 1289 4064 efficiuntur.

124 4107 227 4188 Neque
243 4115 342 4166 tamen
357 4105 549 4167 exeluduntur
558 4106 662 4186 angeli,
678 4107 728 4188 qui
738 4107 825 4168 etlam
842 4109 879 4168 ad
889 4125 1007 4186 reguum
1017 4105 1125 4168 Christi
1137 4108 1288 4188 pertiuent

217 4334 236 4399 ¹)
254 4333 293 4382 De
312 4333 405 4383 Messio
423 4335 547 4398 psalmum
566 4335 632 4384 huno
651 4337 804 4399 explicarunt
823 4335 894 4386 Adon
912 4336 989 4402 Euro,
1010 4335 1115 4388 Kimolos·
1131 4346 1156 4388 et
1173 4341 1225 4392 olii.

134 4425 140 4432 '
176 4441 277 4487 unu,
291 4441 456 4481 commune..
784 4417 792 4426 ”
1112 4428 1131 4475 4
