3106 4888
248 339 313 422 19'4
671 346 796 416 exposta
820 343 864 401 xr.
883 341 927 402 eo.
945 339 989 402 aa.

248 529 397 603 irruerent,
412 527 475 592 sola
490 549 555 593 oum
571 529 735 594 domesticis
749 529 809 592 suis
824 537 868 591 est
883 537 999 592 servata
1012 528 1177 612 populoque
1186 525 1347 591 Israelitico
1361 524 1418 588 ad-

245 635 354 718 scripta
371 632 434 721 (eir.
449 635 511 702 Jos.
526 638 582 700 VI.
602 637 674 716 lt).
698 671 725 681 -·
750 635 860 698 Rahab
875 633 906 702 h.
922 635 951 709 l.,
966 634 1009 698 uti
1024 635 1087 698 Jac
1105 631 1235 720 (1125.)
1249 644 1280 696 et
1294 633 1327 696 in
1342 629 1418 694 libro

244 742 335 804 Josue
349 752 471 806 vocatur
484 741 618 831 ἡπόρνη,
633 743 713 806 cuius
722 741 857 804 vocabuli
868 742 1093 823 notiovnlgaris,
1102 741 1249 815 meretrix,
1264 739 1419 802 retinenda

243 858 295 911 est.
311 885 355 896 —
376 847 463 911 (lives
484 848 681 912 Hierichuntis
696 850 828 912 dicuntur
843 848 1070 936 ἀπειθήσαντες,
1090 847 1231 930 quianon
1246 848 1416 918 credebant,

244 955 339 1017 Deum
355 973 439 1036 posse
454 953 596 1017 Israelitis
611 963 718 1017 terram
734 953 922 1017 Oeuanaeam
937 954 1142 1037 possidendam
1157 955 1234 1028 dare,
1257 952 1418 1023 senorum,

230 1061 312 1124 ‘licet
326 1059 487 1142 conspicuis
502 1059 592 1141 signis
606 1063 642 1123 de
657 1059 790 1142 potentia
805 1061 896 1142 ipsius
920 1060 1061 1140 admoniti
1077 1041 1152 1145 (Jos.
1168 1061 1206 1123 lI.
1226 1060 1289 1138 10.)
1314 1075 1418 1119 verum

248 1185 355 1230 numen
370 1184 427 1229 non
443 1169 705 1248 agnoscebant-
720 1167 831 1230 Rshab
853 1166 968 1250 excepit
989 1167 1186 1248 exploratores
1207 1162 1271 1252 μετ’
1286 1162 1418 1251 εἰρήνης.

244 1273 264 1335 i.
280 1293 305 1336 e.
320 1271 418 1335 animo
433 1272 553 1354 pacifico
567 1273 609 1336 eis
624 1273 783 1354 hospitium
797 1273 935 1337 concessit
949 1293 1055 1354 cosque
1079 1272 1246 1346 occultavit,
1271 1291 1309 1333 ne
1324 1291 1345 1332 a
1359 1269 1418 1332 mi-

244 1377 343 1442 nistris
358 1377 433 1459 regis
448 1380 763 1460 comprehenderentur.

279 1508 281 1514 ’
333 1503 361 1546 v·
378 1485 429 1551 32.
445 1481 510 1550 Καὶ
524 1489 551 1551 τῑ
566 1485 609 1553 ἔτι
626 1489 724 1569 λεγοις
748 1484 890 1572 ἐπιλείψει
910 1491 969 1571 γάρ
992 1497 1029 1572 με
1050 1487 1245 1572 διηγοὸρενον
1260 1481 1278 1548 ὁ
1294 1489 1411 1570 χρόνος

244 1594 310 1677 περὶ
326 1588 450 1666 Γεδεὼν,
466 1589 576 1678 Βαράκ
585 1615 617 1657 τε
631 1597 684 1658 οιαὶ
694 1589 824 1678 Σαμψὼν
834 1596 887 1656 καὶ
903 1589 1030 1679 Ἰεφθάε
1039 1588 1141 1666 hauto,
1156 1615 1188 1656 τε
1196 1595 1250 1655 οιαὶ
1265 1588 1415 1676 Σαμουὴλ

244 1701 297 1764 ttal
313 1709 370 1763 τῶν
385 1709 556 1784 προφητῶν,
574 1733 613 1745 -
632 1698 683 1759 Ab
699 1699 754 1760 hoc
768 1716 851 1759 versu
869 1717 958 1779 usque
973 1699 1011 1758 ad
1027 1699 1078 1764 38.
1093 1697 1244 1778 apostolus
1265 1695 1297 1757 in
1312 1696 1417 1756 laudes

244 1821 343 1866 eornm
354 1802 491 1876 excurrit,
499 1802 550 1884 qui
559 1812 698 1886 occupata
706 1813 784 1866 terra
793 1802 950 1866 &nausea
959 1803 1026 1866 fidei
1035 1801 1200 1866 constantia
1208 1799 1418 1864 excelluemut.

244 1907 304 1972 Sed
319 1909 349 1972 in
364 1917 448 1972 tanto
463 1910 662 1990 exemplorum
676 1909 801 1983 cumulo,
821 1929 886 1972 cum
901 1911 937 1972 de
951 1908 1081 1972 omnium
1103 1917 1134 1970 et
1154 1906 1333 1990 singulorum
1348 1905 1417 2000 fidei

246 2014 429 2078 documentis
444 2014 585 2096 copiosius
606 2015 743 2078 disserere
767 2036 824 2078 non
839 2024 946 2097 posset,
968 2014 1099 2077 homines
1120 2015 1261 2096 quosdam
1283 2012 1417 2076 celebra-

246 2120 333 2184 tiores
355 2120 495 2194 nominat,
523 2130 553 2182 et
581 2121 655 2184 alios
683 2121 740 2184 lide
768 2120 934 2202 conspicuos
962 2120 1077 2184 nomine
1097 2132 1260 2208 προφητῶν
1282 2118 1418 2200 designat

241 2224 368 2312 (att),
384 2226 521 2308 praemia,
536 2247 611 2308 qnae
620 2229 817 2309 deportarunt,
832 2227 952 2309 attingit
966 2229 1006 2309 (v.
1015 2226 1179 2310 32-35.)‚
1194 2235 1224 2288 et
1238 2225 1411 2290 summatim

243 2331 333 2397 etiam
348 2331 514 2415 perstringit
528 2350 627 2396 eorum
642 2334 787 2415 exempla,
804 2333 853 2415 qui
869 2342 1034 2398 constanter
1048 2333 1183 2396 fiduciam
1198 2331 1228 2395 iu
1244 2333 1308 2394 Deo
1322 2331 1417 2394 collo-

241 2448 341 2526 cantes
355 2438 539 2502 calamitates
554 2439 734 2520 pertnlerunt
749 2439 789 2526 (v.
805 2441 970 2519 ets-38.).
1002 2438 1104 2503 Oratio
1119 2448 1164 2501 est
1179 2439 1299 2501 affectus
1315 2439 1417 2520 plena,

244 2555 274 2608 et
289 2544 413 2610 oratorio
428 2561 508 2608 more
523 2565 545 2607 s
561 2554 661 2608 auctor
675 2564 735 2609 rem
758 2545 956 2628 pertractarit.
987 2543 1086 2615 Quare
1110 2544 1256 2608 neminem
1278 2543 1417 2616 offendat,

241 2654 319 2733 qnod
335 2651 374 2737 (v.
391 2651 456 2736 32.)
478 2650 508 2713 in
532 2652 790 2714 commemorandis
813 2652 979 2716 hominibus
1000 2652 1067 2714 fidei
1087 2652 1174 2714 laude
1196 2649 1358 2733 conspicuis
1379 2651 1417 2711 de

243 2757 341 2821 ordine
357 2757 496 2839 temporis
511 2777 568 2819 non
583 2757 639 2819 fnit
653 2757 802 2832 sollicitus,
817 2760 867 2820 sed
882 2757 913 2820 in
926 2759 1035 2820 fervore
1045 2758 1157 2820 dicendi
1172 2755 1292 2820 nomina
1307 2756 1415 2838 posuit,

243 2863 318 2927 sicut
332 2863 388 2948 ipsi
404 2863 435 2926 in
451 2873 577 2925 mentem
592 2863 776 2948 venerunt31)
792 2884 886 2947 neque
903 2864 990 2926 anxie
1009 2864 1145 2945 exempla
1159 2861 1417 2944 circumspicienda

243 2979 321 3045 sunt,
336 2969 366 3032 in
382 2989 457 3050 quae
474 2989 500 3031 ν.
511 2972 562 3036 33.
572 2991 610 3032 ss.
620 2969 699 3032 dicta
707 2971 894 3058 conveniant3
910 2971 1066 3033 tenendum
1075 2969 1153 3032 enim
1168 2978 1222 3044 est,
1237 2989 1297 3031 non
1306 2988 1417 3042 ornnes,

240 3095 316 3157 qnae
330 3075 378 3138 his
392 3075 524 3138 versibus
539 3085 806 3150 commemorantur,
822 3076 887 3138 fidei
903 3077 1064 3140 effectiones
1079 3078 1117 3138 ed
1127 3095 1228 3139 omnes
1243 3095 1272 3136 ν.
1282 3077 1336 3142 32.
1347 3075 1417 3136 lau·

240 3183 325 3244 datos
340 3180 480 3255 homines,
496 3182 546 3242 sed
561 3183 599 3243 ad
615 3182 743 3263 singulos
758 3182 908 3263 pertinere,
924 3183 999 3244 alias
1014 3184 1053 3246 ad
1068 3181 1150 3244 alios.
1164 3218 1203 3228 -
1216 3177 1348 3244 Goeleon
1359 3181 1417 3241 lide

241 3287 312 3350 vicit
325 3285 532 3351 Mediocritas
547 3286 628 3372 (Jud.
644 3285 845 3373 Vl.-VIlL)
854 3309 863 3366 ;
888 3290 1043 3353 Bararus
1058 3285 1237 3352 Oaaaaitas
1256 3285 1340 3372 (Jud.
1359 3287 1415 3350 IV.

241 3390 296 3484 V.)
304 3411 316 3467 ,·
332 3393 468 3458 Samson
483 3391 679 3458 Philistum
694 3392 776 3478 (Jud.
792 3391 1037 3479 xlii-xvi).
1052 3393 1210 3478 Jsptrtct
1224 3392 1418 3456 Ammonitas

241 3491 326 3584 (Jud.
341 3499 399 3562 XI.
418 3499 562 3567 1.-—XH.
580 3497 640 3578 7.);
663 3502 700 3562 de
715 3501 845 3564 Davidc
866 3503 914 3564 cfr.
937 3503 960 3564 1.
981 3499 1062 3564 Sam.
1084 3499 1208 3576 XVlL;
1230 3497 1271 3563 Π.
1287 3498 1418 3566 Samot

238 3607 263 3673 1.
278 3605 366 3687 Reg.;
382 3607 418 3668 de
432 3603 583 3670 Samuele
598 3607 621 3668 Ι.
638 3605 718 3669 Sam.
734 3605 805 3670 VH.

328 3732 356 3774 v.
372 3707 424 3780 33.
441 3711 470 3778 οἳ
484 3713 534 3776 διὰ
543 3717 669 3786 πίστεως
679 3716 920 3799 κατνρρωνίσανπο
932 3713 1095 3797 βασιλείας,
1106 3707 1284 3798 εἰργάσαντο
1296 3713 1415 3778 δικαιο-

241 3821 340 3905 σὺνην,
363 3818 511 3905 ἐπέτυχον
533 3818 725 3900 ἐπαγγελιῶν,
749 3817 881 3906 ἔφραξαν
906 3825 1041 3906 στόματα
1066 3823 1203 3892 λεόντων,
1227 3855 1272 3865 -
1295 3819 1415 3881 Verba:

240 3925 291 3988 διὰ
306 3927 432 3999 πίστεως
447 3943 513 3986 cum
528 3923 661 4004 emphasi
676 3924 842 4004 anteposita
851 3943 917 3986 cum
931 3924 1066 3987 omnibus
1075 3923 1214 3985 memhris
1229 3926 1417 4006 subsequen-

243 4025 324 4090 tibus
339 4027 381 4114 (v.
398 4025 553 4114 33-37.)
569 4029 795 4091 suntuectenda.
806 4067 848 4075 -
859 4030 990 4092 Verbum
1005 4033 1268 4111 καταγωνίζεοθαι
1284 4029 1316 4092 in
1328 4031 1368 4093 N.
1378 4031 1415 4092 Τ.

239 4141 284 4194 est
298 4131 378 4208 ἅπαξ
393 4137 563 4221 λεγόμενον,
578 4149 670 4216 neque
685 4134 716 4197 in
730 4152 804 4200 vers.
820 4133 917 4209 Alere,
940 4137 990 4198 sed
1005 4136 1084 4216 apud
1105 4135 1260 4220 scriptores
1276 4138 1417 4218 profanos

255 4343 767 4426 *tmffimmmm
