3064 4894
547 281 671 342 arpenn
690 280 762 328 vm.
781 277 806 327 n.
824 278 850 327 4.
1219 283 1279 352 131

117 461 162 532 Εεν
179 455 195 520 ὁ
212 461 325 542 nuptos,
342 462 395 523 καὶ
411 455 467 522 οὐκ
483 457 656 540 ἄνθρωπος.
680 490 721 498 -
739 453 787 518 Τὰ
811 455 882 536 ἅγια
904 457 932 516 h.
957 457 974 515 l.
1000 458 1139 519 denotant
1161 459 1283 537 adytum

116 565 278 636 coelestem,
294 563 431 624 coelestin
449 572 550 625 saneta
566 570 740 634 sanctorum,
757 561 853 641 pronti
868 563 1084 623 donentvcrba:
1101 577 1154 651 τῆς
1171 577 1284 653 σκηνῆς

116 684 172 759 τῆς
195 668 359 758 ἀληθινῆς,
382 689 457 751 quae
480 669 582 731 addita
604 677 682 740 sunt,
706 677 737 728 ut
762 667 923 729 accuratius
945 669 1109 732 delinhctur
1131 669 1175 730 vis
1197 678 1285 750 atque

117 785 246 860 potestas
262 776 396 837 vocabuli
412 780 451 840 τὰ
470 773 550 856 ἅγια.
569 811 606 820 -—
627 772 800 864 λςιτοοργός
824 774 929 857 (comp.
953 793 989 836 en
1014 775 1155 837 adiectivo
1178 778 1285 850 λεϊτός,

118 881 252 964 publicus
267 885 299 962 [a
316 885 394 947 λεώς
411 881 458 942 vel
475 882 560 954 λαός,
578 879 714 962 populus]
732 889 761 941 et
776 880 873 966 ἔργον,
889 879 973 965 opus)
991 880 1101 954 dicitur,
1117 882 1166 964 qui
1182 901 1288 945 munus
1383 903 1386 910 ’

119 991 268 1071 publicum
283 989 355 1062 obit,
371 989 515 1061 minister;
546 988 694 1071 speciatim
719 987 768 1068 qni
791 986 913 1050 alicuius
933 987 1047 1050 nomine
1069 989 1192 1054 aliorum
1207 1009 1287 1054 nom-

122 1098 214 1160 modis
230 1097 350 1158 inservit
365 1095 427 1180 (cll,
444 1095 522 1164 Phil.
538 1097 576 1158 Il.
593 1092 669 1179 ab),
684 1114 741 1175 quo
757 1115 841 1156 sensu
856 1096 941 1157 Rom.
958 1095 1045 1158 XIII.
1056 1099 1085 1162 6.
1102 1098 1290 1178 magistratus

120 1218 148 1266 ct
163 1207 252 1267 Hebr.
270 1206 292 1266 l.
309 1205 339 1272 l.
361 1204 455 1284 angeli
474 1204 642 1288 λειτουργοὶ
665 1201 743 1267 Θεοῦ
768 1212 924 1275 vocantnr;
949 1205 1047 1266 eodem
1070 1225 1155 1267 sensu
1178 1206 1289 1270 Paulus

120 1314 245 1393 seipsum
256 1313 341 1374 Rom.
357 1311 429 1374 XV.
445 1312 494 1376 16.
507 1315 680 1394 λειτουργὸν
691 1307 792 1396 Ἰησοῦ
803 1309 935 1394 Χριστοῦ
950 1307 992 1384 εἰς
1009 1316 1046 1377 τὰ
1055 1312 1133 1399 ἔθνη
1150 1314 1289 1376 nominat.

121 1423 154 1481 ln
171 1430 268 1482 nostro
283 1437 368 1480 versu
377 1421 412 1480 de
428 1417 587 1479 mihisterio
605 1434 694 1490 sacro,
710 1415 771 1478 sive
786 1418 965 1492 sacerdotali,
981 1437 1139 1482 sermonem
1155 1442 1225 1495 esse,
1242 1441 1292 1502 per

121 1527 330 1608 appositionem
347 1537 403 1590 τῶν
419 1523 510 1607 ἁγίων
533 1523 692 1597 indicatnr;
718 1523 791 1584 etin
813 1525 1004 1586 ecclesiastico
1028 1547 1080 1588 usu
1102 1529 1235 1610 loquendi
1250 1529 1292 1592 si-

123 1633 266 1713 gnificatio
288 1632 367 1694 vocis
389 1631 478 1692 etiam
503 1633 613 1709 absque
638 1629 691 1690 tnli
714 1630 893 1710 appositione
915 1633 953 1693 ad
976 1633 1121 1700 notionem
1143 1635 1292 1698 ministerii

122 1740 193 1802 sacri
209 1739 372 1800 adhibetur.
395 1773 437 1784 --
453 1735 641 1799 Adiectivnm
665 1735 687 1825 ἡ
707 1735 845 1824 ἀληθινή
868 1738 896 1798 h.
913 1738 931 1799 l.
948 1759 1005 1800 non
1026 1749 1088 1801 stat
1105 1741 1134 1802 in
1154 1741 1293 1804 antithesi

123 1849 159 1907 ud
176 1855 277 1907 sancta
292 1845 375 1918 falsa,
390 1845 428 1905 ad
444 1843 664 1905 tabemaoulnm
679 1843 799 1915 falsum,
824 1845 874 1904 sed
897 1845 934 1904 ad
951 1854 1052 1908 sancte
1076 1847 1238 1926 figurativa,
1255 1849 1292 1908 ad

123 1951 343 2014 tabemncnlum
359 1949 559 2017 umbraticum.
584 1987 608 1994 ψ
640 1951 772 2012 Verbum
788 1948 893 2036 ἔπηξεν
910 1950 948 2011 nil
966 1951 1093 2032 amplius
1108 1962 1191 2015 notat
1206 1972 1295 2034 quam

124 2059 229 2124 ἔκτισε.

213 2185 240 2222 v.
258 2167 285 2228 3.
303 2161 371 2234 Πᾶς
387 2167 444 2247 γὰρ
461 2161 621 2248 ἀρχιερεὺς
646 2160 687 2235 εἰς
702 2168 735 2227 τὸ
753 2169 928 2248 προσφέρειν
952 2165 1034 2248 δῶρά
1056 2189 1088 2229 τε
1111 2170 1162 2229 καὶ
1185 2170 1296 2240 θυσίας

125 2275 316 2344 καθίσταται,
332 2267 405 2334 ὅθεν
421 2269 594 2350 ἀναγκαῖον,
611 2270 692 2354 ἔχειν
708 2293 734 2334 τι
750 2274 802 2334 καὶ
818 2280 930 2344 τοῦτον,
947 2271 963 2332 ὃ
980 2278 1172 2358 προσενέγκῃ.
1183 2274 1298 2334 -Hoc

127 2395 211 2439 versu
226 2376 375 2457 apostolus
393 2378 508 2457 probat,
528 2378 604 2457 quod
620 2375 749 2456 proxime
772 2376 879 2437 dictum
897 2385 967 2448 erat,
993 2376 1140 2440 Christum
1163 2380 1297 2462 quamvis

126 2483 284 2546 consederit
299 2484 336 2542 ad
353 2484 502 2544 dexterum
519 2482 579 2543 Dei
596 2481 624 2542 in
642 2481 736 2555 coelis,
752 2483 847 2544 adhuc
857 2483 1046 2546 ministerium
1057 2485 1198 2564 pontilicis
1214 2505 1297 2548 exer-

127 2609 197 2653 cere.
228 2588 451 2669 Argumentatio
475 2590 547 2649 hacc
569 2597 629 2649 est:
654 2589 748 2650 omnis
770 2589 902 2669 pontifex
923 2590 1113 2663 constituitur,
1137 2601 1168 2651 nt
1189 2593 1298 2675 aliquid

129 2699 243 2770 offerat3
260 2695 340 2776 atqui
357 2693 490 2756 Christus
506 2694 597 2756 etiam
618 2716 693 2757 nunc
702 2695 832 2776 pontifex
842 2707 900 2769 est;
917 2714 983 2776 ergo
997 2717 1109 2760 neeesse
1119 2707 1171 2771 est,
1188 2709 1220 2760 ut
1229 2700 1299 2780 ipse,

130 2803 263 2884 quamvis
279 2803 307 2864 in
323 2801 435 2864 eoelum
460 2811 604 2882 receptus,
621 2803 730 2862 hahent
745 2801 864 2882 aliquid,
887 2805 963 2884 qnod
987 2804 1094 2865 offerat.
1112 2839 1155 2849 —-
1171 2805 1248 2866 Illud
1264 2829 1300 2878 τι,

131 2912 207 2990 quod
223 2908 357 2970 Christus
372 2907 401 2969 in
412 2907 490 2970 coelo
501 2909 591 2980 offert,
607 2919 651 2969 ent
666 2928 749 2970 sunm
767 2907 795 2970 in
811 2927 894 2971 eruce
907 2909 1085 2982 sacrificium,
1100 2913 1177 2991 quod
1192 2911 1261 2972 olim
1271 2911 1300 2972 in

40 3015 43 3020 ’
132 3025 229 3078 monte
245 3013 398 3076 Calvariac
416 3013 542 3077 obtulit·
566 3013 640 3074 Oum
665 3033 733 3075 vero
756 3016 810 3076 hon
830 3016 860 3076 in
883 3033 963 3077 eruce
979 3015 1147 3079 sacrificinm
1172 3017 1248 3080 idem
1264 3018 1303 3080 sit

131 3143 196 3186 enm
212 3120 348 3184 sacrificio
366 3120 483 3191 Missae,
501 3139 551 3200 per
567 3141 597 3181 sc
613 3119 795 3200 intelligitur,
811 3121 959 3183 Christum
976 3123 1063 3183 etiam
1081 3123 1190 3186 Missae
1212 3124 1301 3186 sacri-

133 3229 204 3303 ficia,
221 3247 296 3308 qnae
312 3237 372 3288 toto
387 3229 457 3288 orbe
485 3226 612 3306 quotidie
634 3227 824 3300 celebrantur,
847 3229 909 3288 Deo
932 3227 1014 3291 Patri
1037 3228 1065 3291 in
1088 3231 1175 3292 coelis
1196 3233 1302 3294 offerre.

134 3338 188 3397 Est
202 3335 337 3396 nimirum
353 3333 489 3396 Christus
505 3333 615 3413 primus
631 3354 665 3394 ac
681 3333 833 3413 primarius
848 3337 988 3407 sacerdos,
1012 3336 1060 3416 qui
1084 3336 1113 3398 in
1129 3337 1238 3398 Missae
1253 3359 1304 3401 sa-

133 3442 243 3504 crifieiis
258 3442 347 3512 offert,
363 3450 512 3504 consecrat
527 3449 557 3500 et
571 3441 925 3503 transsubstantiationem
942 3443 1060 3523 peragit.

226 3569 251 3608 v.
269 3548 299 3615 4,
314 3544 350 3612 Εἰ
366 3553 419 3632 μὲν
436 3552 493 3630 γὰρ
510 3545 545 3633 ἥν
563 3545 610 3610 ἐπὶ
626 3559 691 3635 γῆς,
703 3543 766 3612 οόδ’
783 3546 818 3612 ἂν
835 3547 871 3635 ἠν
882 3544 986 3634 ἱερεὺς,
997 3548 1088 3615 ὄντων
1098 3547 1200 3636 ἱερέων
1210 3572 1303 3635 προς-

137 3661 284 3743 φερόντων
300 3658 380 3718 κατὰ
396 3659 445 3718 τὸν
461 3659 551 3737 νόμον
568 3657 605 3717 τὰ
622 3655 714 3736 δῶρα,
731 3690 774 3700 -—
789 3653 901 3717 Auctor
923 3655 1063 3717 rationem
1085 3655 1241 3736 subiungit,
1256 3675 1305 3718 cur

137 3762 270 3824 Christus
287 3759 416 3842 pontilex
432 3759 471 3820 sit
486 3768 515 3818 et
531 3779 592 3820 esse
608 3761 713 3820 debeat
736 3760 765 3821 iu
782 3761 876 3834 coel0;
900 3761 928 3821 in
953 3769 1029 3821 terra
1051 3761 1127 3822 enim
1151 3763 1306 3824 sacerdotis

138 3877 234 3948 partes
251 3885 333 3947 agore
352 3886 407 3926 non
424 3875 527 3946 potest,
543 3876 606 3926 tum
622 3865 692 3946 qnia
708 3886 763 3928 uon
779 3875 859 3927 ortus
875 3877 919 3927 cst
935 3887 950 3926 e
966 3867 1043 3928 tribu
1060 3867 1141 3939 Levi,
1158 3877 1220 3930 tum
1237 3869 1307 3949 quin
1381 3898 1383 3901 ’

137 3975 236 4036 nullus
252 3974 401 4036 hominum
427 3992 493 4033 enm
517 3971 651 4044 initiavit,
676 3985 736 4033 tum
761 3973 830 4052 quia
852 3975 890 4034 ed
915 3983 1046 4034 terrestre
1071 3974 1261 4038 sacerdotium
1277 3984 1307 4036 et

137 4079 285 4143 terrestria
300 4079 361 4140 eius
379 4081 454 4140 bona
470 4081 649 4158 procuranda
665 4089 694 4138 et
709 4079 892 4164 impetranda
909 4079 1054 4141 sufficiunt
1070 4079 1188 4164 (ὄντων)
1211 4100 1306 4144 sacer-

138 4189 220 4250 dotes
236 4187 344 4266 legales
360 4195 389 4246 et
405 4183 535 4258 Levitici,
552 4205 603 4246 nce
618 4185 676 4248 alio
692 4205 765 4265 opus
780 4194 824 4246 est
839 4187 985 4248 sacerdote
1008 4188 1045 4249 ad
1071 4186 1211 4250 rationem
1228 4190 1307 4250 Mel-

138 4293 308 4372 chisedechi.

1121 4395 1150 4446 9·
