3096 4886
541 301 667 370 exposa
685 299 730 354 ιιι.
749 299 792 354 20.
811 297 854 354 ar.
1219 283 1283 372 18⁸9

116 477 191 548 nulli
207 504 242 546 ea
257 479 424 566 explicant:
440 483 540 546 omiti
555 484 655 554 modo,
671 484 725 545 hoc
740 503 841 544 senen:
857 483 1175 546 Abrahamuscrcdidit
1189 485 1285 546 Deum

120 591 248 654 excitare
263 611 346 672 posse
356 598 516 652 mactatum
531 588 623 650 filiurn
639 588 797 662 amortuis,
812 589 887 650 undo
897 609 962 650 eum
978 589 1067 652 etiam
1082 588 1181 654 simili
1193 592 1284 654 modo

119 697 252 778 accepit3
266 696 336 758 olim
347 715 458 778 nempe,
468 715 533 758 cnm
542 705 714 768 nasceretur,
729 715 795 756 eum
806 693 888 776 quasi
898 715 935 757 ex
945 695 1065 758 mortuis
1074 697 1193 780 accepit,
1210 717 1284 778 qno-

118 804 199 866 niam
216 812 362 865 emortuus
377 803 568 864 Abrahamns
584 811 614 862 et
628 801 798 863 infoecunda
813 799 888 863 Sara
902 821 1017 864 omnem
1027 803 1116 883 prolis
1131 823 1213 884 spem
1228 805 1285 866 ab·

119 911 253 972 iecerant.
271 945 311 956 -
329 907 547 982 Theodoretus,
564 905 812 990 llteopltyloctae
826 915 854 970 et
870 909 1084 983 Ocacmenius,
1100 929 1172 991 quos
1188 911 1285 992 plnres

120 1016 310 1078 recentiorum
325 1014 415 1076 secuti
431 1023 499 1075 sunt
514 1012 669 1097 (nawa
685 1012 831 1096 Biapiap,
852 1011 972 1100 Rauca)
995 1017 1169 1077 vocabulum
1185 1038 1286 1102 παρα-

119 1123 198 1211 βολή
216 1121 244 1185 h.
261 1120 279 1182 l.
297 1122 400 1183 ecdem
414 1139 500 1182 sensu
515 1129 642 1194 sumunt,
658 1139 715 1201 qno
730 1127 829 1181 exstat
842 1119 900 1185 IX
916 1122 956 1193 9.,
978 1111 1142 1184 ubi'notat:
1166 1131 1285 1207 typum
1372 1155 1380 1169 ·

121 1231 314 1312 ι’νηαριῗνιωνυ
331 1236 419 1308 atque
434 1236 576 1300 statuunt,
585 1225 751 1306 apostolum
761 1225 860 1299 dicere,
876 1226 1083 1290 Abrahamum
1097 1229 1191 1290 lilium
1201 1249 1285 1292 snum

117 1335 162 1397 ita
189 1333 337 1415 recepisse,
362 1342 396 1395 nt
417 1343 493 1394 esset
516 1341 609 1416 typus
631 1331 734 1395 mortis
748 1330 856 1393 Christi
871 1333 989 1414 eiusque
1010 1335 1040 1398 in
1061 1335 1155 1398 vitam
1170 1337 1287 1398 reditus.

121 1439 344 1522 simplicissima
359 1449 458 1501 autem
473 1449 503 1500 et
517 1437 655 1501 orationis
677 1437 759 1499 seriei
774 1437 1044 1502 convenientissima
1064 1443 1218 1504 verborum
1233 1443 1287 1504 exi

119 1545 224 1630 positio
239 1546 353 1609 ridetur
368 1565 429 1608 esse
445 1547 531 1607 haec:
547 1545 738 1607 Abrahamus
753 1545 886 1608 Isaaonm
902 1544 932 1607 in
941 1547 1126 1628 coemptam,
1141 1567 1287 1611 memora-

119 1653 187 1716 bilis
203 1653 346 1726 nimirum,
362 1673 421 1734 qna
435 1651 584 1733 praeditus
599 1660 670 1725 erat,
684 1648 759 1725 lidei,
774 1651 897 1733 recepit3
917 1669 968 1733 per
990 1653 1077 1715 fidem
1091 1657 1226 1718 Isaacunl
1241 1657 1287 1717 of-

119 1761 240 1832 ferebat,
255 1759 379 1833 credens,
395 1760 490 1821 Deum
505 1757 602 1840 ipsum
616 1777 635 1818 a
650 1767 743 1820 morte
757 1757 805 1820 rel
820 1757 1010 1820 liberaturum
1025 1759 1073 1821 rel
1082 1760 1287 1822 suscitaturum

118 1885 190 1939 esse,
205 1873 294 1946 atque
309 1864 395 1928 huius
410 1874 512 1926 tantae
532 1863 602 1926 fidei
620 1863 651 1926 in
667 1863 834 1946 exemplum
850 1865 952 1928 merito
966 1864 1140 1928 incolumem
1155 1865 1287 1928 salvum-

119 1991 176 2053 que
191 1989 257 2033 enm
272 1970 386 2052 recepit

157 2109 161 2116 ·
209 2097 238 2147 ν.
254 2079 306 2144 20.
322 2075 424 2142 Πίστει
441 2079 520 2157 [ιιαὶ]
536 2081 604 2162 περὶ
619 2079 790 2164 μελλόντων
807 2074 968 2165 εὐλόγησεν
985 2075 1092 2144 Ἰσαὰκ
1108 2083 1157 2145 τὸν
1174 2076 1287 2164 Ἰακὼβ

120 2189 173 2250 καὶ
188 2188 238 2250 τὸν
253 2179 360 2249 Ἠσαῦ.
379 2219 420 2228 -
429 2185 495 2246 Hoc
508 2197 538 2246 et
552 2184 739 2266 sequentibus
754 2184 885 2248 versibus
900 2185 1062 2248 referuntur
1076 2186 1288 2250 benedictiones

123 2290 241 2366 Iacca,
257 2290 367 2353 Jacobs·
379 2299 411 2351 et
424 2289 559 2372 Josephi,
576 2310 649 2371 qnae
664 2289 771 2353 virtute
786 2291 853 2354 fidei
872 2289 993 2376 (πίστει)
1010 2292 1179 2355 enunciatas
1193 2293 1289 2366 fuisse,

124 2397 275 2480 apostolus
289 2396 394 2460 iterato
403 2395 486 2472 dicit3
501 2397 574 2459 istae
584 2397 796 2461 benedictiones
810 2397 888 2460 enim
901 2418 959 2461 non
974 2408 1057 2460 erant
1072 2416 1167 2462 merae
1181 2418 1289 2481 appre-

121 2504 260 2578 catlones,
276 2505 327 2566 sed
343 2503 550 2585 praedictiones
571 2517 601 2566 et
624 2504 826 2584 promissiones
847 2525 886 2567 ex
907 2505 963 2566 fide
985 2505 1137 2585 profectae,
1159 2506 1217 2568 imo
1238 2524 1290 2586 per

123 2612 212 2674 fidem
226 2609 385 2691 inspiratae
407 2619 439 2671 'et
460 2609 489 2672 ri
511 2609 577 2672 ndei
599 2611 740 2673 valentes.
755 2645 800 2658 -
814 2615 880 2696 περὶ
902 2613 1074 2698 μελλόντων
1095 2611 1288 2692 copulandum

124 2725 170 2781 est
179 2718 343 2780 cnm'verbo
353 2713 523 2803 ehldmoer.
536 2753 574 2764 -—
585 2718 652 2780 Hac
667 2718 696 2778 in
711 2735 741 2778 re
750 2718 822 2780 fides
830 2719 924 2780 lsaaoi
939 2738 1051 2780 summe
1066 2719 1291 2791 commendatur,

122 2827 209 2906 qnod,
224 2843 291 2886 curn
305 2823 336 2886 in
350 2823 448 2885 aliena
462 2833 540 2886 terra
554 2823 735 2899 consedisset,
751 2823 825 2888 nihil
840 2825 870 2886 in
885 2844 921 2888 ea
935 2825 1095 2906 possidens,
1113 2824 1177 2888 sola
1191 2833 1289 2890 tamen

125 2932 182 2994 Dei
197 2930 385 3013 promissione
400 2931 498 3004 fretus,
513 2928 581 2992 filiis
596 2928 656 2992 suis
671 2929 701 2992 in
716 2939 848 3011 tempora
869 2931 952 3012 longe
973 2933 1072 2994 futura
1091 2942 1154 2994 tam
1176 2931 1290 3013 magni-

121 3039 174 3100 fice
190 3035 376 3101 benedixerit.
392 3071 434 3082 -
451 3035 586 3098 (laterum
609 3036 759 3117 apostolus
781 3037 926 3100 Jaoobnm
948 3047 1020 3100 natu
1042 3037 1181 3101 minorem
1204 3056 1290 3120 prac-

122 3142 220 3226 posuit
234 3144 341 3216 Fsavo,
363 3142 497 3224 qnoniam
522 3142 616 3206 Jacob
642 3143 736 3224 gentis
756 3143 934 3207 Israeliticae
958 3153 1058 3208 auctor
1079 3154 1150 3218 erat,
1172 3145 1292 3226 etquis

122 3249 229 3316 Genea
245 3249 382 3315 XXVII.
399 3251 500 3313 eodem
515 3249 614 3312 ordine
630 3249 843 3314 benedictiones
858 3251 951 3314 Issaei
967 3271 997 3312 se
1013 3250 1168 3333 excipiunt.

212 3377 240 3420 r.
256 3358 307 3422 21.
322 3353 426 3436 Πίστει
441 3353 555 3440 Ἰακὼβ
579 3355 784 3444 ἀποθνήσκων
806 3355 1005 3424 ἕκαστοντῶν
1026 3355 1095 3424 υἱῶν
1111 3354 1225 3446 Ἰωσὴφ
1242 3354 1291 3424 sd-

125 3466 247 3552 λόγησε,
263 3469 315 3529 καὶ
330 3467 547 3550 πρόςειωνησεν
570 3462 617 3528 ἐπὶ
640 3469 673 3529 τὸ
695 3463 791 3549 ἄωρον
807 3477 861 3553 τῆς
881 3461 994 3550 ῥάβδου
1017 3461 1116 3530 αὐτοῦ.
1132 3499 1177 3512 -
1192 3462 1292 3530 ’Ano-

122 3574 276 3659 θνήσνιων,
292 3588 427 3650 praesens
448 3587 500 3651 pro
525 3569 658 3650 proxime
680 3571 777 3632 futuro
799 3571 934 3651 positum
953 3607 992 3618 --
1017 3573 1062 3632 De
1084 3572 1148 3652 ipsa
1169 3568 1293 3653 εὐλογία

121 3679 172 3742 cfr.
188 3675 263 3742 Gen.
277 3675 426 3742 xnvffl„
445 3677 472 3742 1.
488 3697 525 3740 ss.
535 3680 641 3742 -aod
656 3681 875 3764 προςειιὺνησεν
891 3676 982 3743 &cleb
997 3675 1092 3762 ἄωρον
1108 3689 1162 3765 τῆς
1178 3674 1291 3762 ῥάβδου

122 3781 224 3858 obsco,
240 3782 335 3864 capite
350 3799 451 3844 versus
466 3782 614 3866 cuspidem
624 3784 720 3846 baculi
735 3784 780 3846 sul
796 3783 934 3847 inclinato
943 3785 1039 3846 Deum
1054 3783 1197 3850 adoravit.
1228 3785 1294 3848 Hoc

122 3892 253 3955 Jacobus
268 3889 343 3963 iecit,
358 3898 519 3971 antequam
528 3889 651 3971 Josephi
666 3889 734 3952 filiis
744 3889 930 3952 benediceret.
962 3887 1036 3955 Gen.
1045 3888 1177 3956 XLVII.
1193 3890 1245 3956 31.
1255 3910 1292 3951 ss.

123 3997 260 4061 nimirum
275 3996 404 4060 Jacobns
419 4017 439 4060 a
453 3996 473 4058 J
477 3997 588 4078 csepho
609 3997 772 4078 postulasse
794 3996 970 4078 perhibetur,
993 4005 1027 4058 nt
1047 3995 1143 4076 ipsum
1165 3994 1195 4058 in
1217 4004 1294 4058 terra

123 4104 283 4168 Cananaea
296 4103 494 4184 sepeliendum
510 4113 640 4179 curaret;
656 4121 725 4185 prae
740 4103 895 4166 senectutis
904 4101 1106 4168 imbecillitate
1122 4102 1196 4164 lecto
1211 4102 1293 4166 incu-

123 4211 203 4287 buit;
218 4219 329 4274 etcum
344 4209 370 4272 ei
385 4209 534 4291 Josephus
557 4209 740 4274 iureiurando
765 4209 951 4292 promisisset,
976 4230 1007 4272 se
1029 4208 1106 4270 velle
1127 4225 1236 4284 curare,
1261 4219 1295 4272 ut

123 4329 255 4384 mortuus
270 4337 308 4380 ex
322 4317 461 4400 Aegypto
476 4318 685 4398 deportaretur,
701 4325 732 4378 et
754 4316 784 4380 in
807 4316 950 4382 maiorum
964 4316 1094 4400 sepulcro
1116 4316 1295 4402 sepeliretur,
