3096 4886
260 325 326 396 212
706 323 833 394 asportare
850 325 910 378 m
927 318 972 382 ²³·

259 505 508 592 praestantiorem,
515 515 633 570 aeterna
641 505 779 580 felicitate
783 507 954 584 beetnram;
966 515 1131 590 praeterea,
1144 503 1188 569 uti
1197 515 1336 570 terrorem
1343 525 1431 568 acse-

259 607 1431 695 veritatemanriqmragis,itaecpanteneiamaarelieiatemchnstianaereri-

259 709 1431 804 gionisvariisuodiversisdsscribitpropositionibus,quaeomnespendentabillo

259 829 362 890 verbo:
376 829 638 914 rpooslnlbbctra
663 860 703 874 -
727 826 843 888 Verba:
867 821 1073 916 Ἰερουσαλὴμ
1087 825 1263 912 ἐπουρανίῳ,
1285 824 1431 908 prioribus

260 951 311 1018 per
326 932 537 1016 appositionem
553 933 675 1008 adiecta,
691 931 848 1014 explicant,
863 930 933 1013 qnid
949 933 989 994 sit
1002 931 1223 1014 intelligendum
1245 950 1297 1015 per
1312 929 1431 995 Sionem

260 1047 390 1103 montem
406 1049 437 1102 et
450 1057 502 1121 per
517 1039 664 1102 civitatem
680 1037 744 1100 Dei.
775 1028 954 1102 Describitur
973 1037 1178 1134 Hierosolyma
1199 1037 1332 1102 coelestis
1353 1036 1432 1099 ime-

260 1146 375 1229 ginibns
390 1144 532 1208 desumtis
547 1147 586 1206 ab
602 1144 806 1227 Hierosolyma
821 1143 961 1220 terrestri3
985 1145 1058 1207 baec
1071 1144 1149 1207 enim
1163 1147 1325 1208 vocabatur
1340 1164 1432 1207 neom
1538 1173 1539 1180 ι

259 1252 347 1331 Sicca
363 1251 433 1334 quia
446 1251 478 1313 in
492 1250 549 1313 isto
564 1259 662 1313 monta
677 1250 858 1313 nobilissima
873 1249 953 1313 urbis
968 1268 1036 1332 pars
1051 1259 1116 1312 erat
1129 1259 1293 1326 exstruata3
1318 1251 1432 1314 civim

261 1361 338 1433 Dei,
359 1357 428 1438 quia
450 1356 561 1438 ternplo
582 1357 643 1419 veri
664 1357 719 1420 Dei
740 1355 881 1420 instructa
909 1357 1038 1438 adeoque
1062 1359 1131 1420 urbs
1151 1359 1216 1420 Deo
1246 1375 1331 1418 sacra
1359 1362 1432 1416 erat

260 1467 331 1548 Ipsa
348 1473 448 1526 autern
462 1462 667 1546 Hierosolyma
687 1463 828 1526 terrestris
849 1473 938 1544 typus
960 1472 1023 1524 erat
1043 1463 1266 1545 Hierosolymae
1288 1459 1432 1535 coelestis,

259 1571 278 1638 i.
295 1591 319 1637 e.
335 1569 414 1652 regni
429 1568 547 1645 Christi,
561 1567 695 1652 inprimis
709 1569 789 1650 regni
804 1569 866 1632 eius
881 1568 1012 1632 coelestis
1027 1568 1217 1632 acfelicitatis
1230 1577 1378 1631 aeternae
1387 1600 1432 1613 -—

259 1682 312 1744 acl
322 1682 469 1765 μυριάσιν,
486 1675 623 1758 ἀγγέλων
638 1679 815 1764 πανηγυρειῑ
830 1675 1000 1758 angelorum
1010 1675 1170 1750 litmentio,
1185 1674 1255 1756 qnia
1269 1674 1301 1736 in
1316 1673 1431 1756 regione

259 1783 376 1848 coelesti
391 1791 551 1846 tueantur.
566 1801 608 1832 -·-
626 1788 735 1870 μυριὰς
751 1781 864 1863 proprie
878 1781 987 1844 indicat
1001 1799 1152 1844 numerum
1171 1783 1270 1844 decem
1284 1779 1430 1862 millinm;

260 1891 311 1954 sed
327 1888 458 1971 pluralis,
474 1897 508 1950 ut
521 1889 550 1954 h.
562 1888 590 1962 l.,
605 1905 659 1969 pro
673 1905 970 1968 quocunquennmero
978 1906 1085 1969 magno
1099 1897 1129 1949 et
1138 1885 1287 1949 indefinito
1303 1885 1430 1968 ponitur.
1538 1879 1539 1920 ³

261 2033 302 2044 —-
319 2002 485 2084 πανήγυρις
499 1994 614 2076 proprie
629 1993 734 2056 dicitur
748 2003 906 2056 conventus
920 1993 1046 2056 solennis
1065 2001 1097 2056 et
1110 1993 1232 2056 festivus
1246 1991 1366 2075 populi3
1381 1991 1432 2054 la-

260 2102 326 2166 tiori
341 2121 428 2164 seusu
442 2109 541 2164 antem
550 2099 667 2182 ponitur
683 2101 719 2162 de
728 2099 831 2182 quovis
840 2109 931 2176 coctu,
946 2101 983 2162 de
991 2099 1185 2173 multitudine,
1195 2108 1230 2162 ut
1238 2100 1267 2162 h.
1275 2099 1296 2166 l.
1311 2099 1429 2161 Verba:

260 2207 400 2293 ἀγγέλων
415 2210 578 2294 πανηγυριι
602 2205 813 2288 appositionem
836 2205 1017 2270 constituunt
1037 2208 1076 2268 ad
1099 2211 1244 2294 μυριάσιν,
1267 2204 1431 2269 accessistis

262 2316 300 2379 ad
315 2311 472 2396 myriadas,
488 2311 657 2394 angelornm
672 2312 904 2388 multitudinem
919 2311 967 2374 his
981 2311 1078 2374 verbis
1087 2313 1255 2386 ostenditur,
1271 2311 1364 2374 etiam
1373 2331 1429 2374 an·

260 2420 340 2503 gelos
354 2419 497 2502 pertinere
512 2420 551 2480 ad
566 2417 716 2482 ecclesiam
732 2417 849 2492 Christi,
872 2428 902 2480 et
923 2437 1013 2480 unam
1035 2417 1185 2482 nobiseum
1200 2417 1255 2481 Dei
1277 2417 1430 2481 civitatem
1538 2445 1539 2452 ι

259 2525 440 2591 constituere.
458 2561 497 2576 -
515 2524 656 2587 Nonnulli
672 2533 738 2606 post
754 2523 891 2608 ἀγγέλων
906 2523 1121 2606 interpunguut,
1141 2533 1171 2587 et
1185 2528 1348 2610 πανηγυρει
1363 2542 1429 2588 cum
1538 2597 1539 2606 ρ

257 2638 311 2700 καὶ
325 2632 477 2722 ἐκκλησίᾳ
492 2636 689 2717 πρωτοτόκων
705 2640 892 2708 connectunt;
909 2640 1041 2694 vertunt:
1058 2631 1217 2694 accessistis
1232 2633 1271 2694 ad
1281 2631 1428 2692 infinitam

257 2739 371 2823 copiam
386 2739 564 2820 angelorum,
579 2739 618 2800 ad
633 2747 807 2800 conventum
823 2747 852 2800 et
867 2745 979 2800 coetum
1002 2736 1264 2818 primogenitorum.
1297 2734 1358 2801 Sed
1372 2737 1428 2799 hac
1538 2799 1539 2804 ,

258 2845 484 2928 interpungendi
493 2844 605 2908 ratione
614 2842 779 2906 admissain
789 2847 989 2932 πανηγυριιευ
996 2841 1147 2931 ἐκκλησίᾳ
1156 2845 1191 2906 de
1200 2863 1261 2906 una
1268 2845 1427 2926 eademque

258 2970 289 3014 re
304 2951 397 3025 dictis,
413 2951 599 3033 pleonasmus
614 2948 722 3012 inesset
735 2949 788 3012 vix
803 2951 943 3012 ferendus.
974 2948 1083 3012 Obstat
1105 2959 1254 3048 praeterea
1275 2971 1335 3032 seq.
1357 2967 1427 3032 par-

258 3057 348 3120 ticula
363 3061 424 3134 καί,
449 3077 508 3138 qua
528 3078 551 3120 s.
567 3066 667 3120 auctor
687 3056 718 3118 in
739 3056 786 3118 his
807 3055 939 3118 versibus
961 3056 1113 3138 quodlibet
1133 3060 1296 3120 membrum
1318 3075 1426 3120 novum

256 3163 454 3230 exorditur·
463 3165 498 3226 In
505 3163 615 3226 verbis:
625 3168 677 3230 καὶ
685 3161 836 3251 ἐκκλησίᾳ
842 3169 1040 3249 πρωτοτόκων
1046 3163 1320 3252 ἀπογεγραμμένων
1330 3159 1362 3230 ἐν
1372 3157 1424 3229 ab·

258 3281 360 3357 ρανυῐς
367 3287 460 3332 sermo
470 3278 515 3331 est
522 3272 559 3332 de
567 3279 649 3332 coetu
658 3269 887 3344 christianorum,
897 3269 947 3350 qui
956 3270 1003 3334 his
1013 3269 1043 3332 in
1052 3271 1135 3332 terris
1142 3273 1259 3352 degunt,
1274 3271 1381 3352 quibus
1396 3268 1425 3331 in

256 3377 313 3440 fide
324 3375 572 3458 perseverantibus
581 3376 693 3450 civitas,
701 3375 824 3439 felicitas
833 3375 972 3450 coelestis,
980 3384 1042 3438 tam
1052 3386 1131 3439 certa
1139 3385 1192 3452 est,
1208 3397 1243 3438 ac
1251 3376 1276 3438 si
1285 3395 1353 3440 eam
1366 3376 1425 3439 iam

255 3482 398 3546 consecuti
414 3483 538 3551 sint-
555 3481 761 3569 Πρωτότυιιυς
777 3481 919 3564 significat
933 3482 1165 3564 primogenitum,
1181 3483 1316 3568 primum,
1331 3493 1362 3546 et
1375 3501 1426 3565 per

255 3588 441 3652 adiunctum:
457 3589 602 3674 dilectum,
618 3608 724 3656 aarum,
757 3589 806 3652 Sic
821 3589 972 3652 Israelitae
987 3609 1053 3652 cum
1068 3589 1135 3652 aliis
1155 3591 1291 3672 gentibus
1305 3609 1424 3672 compa-

254 3695 310 3760 rati
325 3695 495 3760 dicebantur
509 3695 691 3778 primogeniti
698 3697 762 3772 Dei,
778 3705 879 3777 utpote
888 3697 951 3759 Deo
960 3695 1093 3780 inprimis
1108 3697 1166 3760 cari
1175 3706 1205 3759 et
1213 3697 1320 3774 dilecti,
1335 3699 1424 3760 bene-

257 3804 328 3868 ficiis
343 3805 382 3866 ab
398 3823 431 3866 eo
446 3803 608 3886 praecipuis
623 3801 726 3878 ornati,
741 3802 815 3866 alios
823 3803 946 3886 populos
956 3802 1096 3884 dignitate
1105 3803 1318 3869 antecellentes.
1339 3801 1425 3865 Chri-

255 3909 342 3973 stiani
357 3911 412 3974 hoc
427 3910 541 3974 nomine
556 3918 766 3992 nuncupantur,
782 3909 851 3990 qnia
865 3909 896 3970 in
911 3910 1007 3972 locum
1022 3919 1052 3971 et
1066 3909 1130 3972 iura
1144 3909 1345 3973 Israelitarum
1359 3930 1424 3972 sno·

254 4025 408 4091 cesserunt,
425 4019 501 4080 unde
517 4017 607 4079 etiam
622 4015 678 4084 IV.
693 4018 722 4085 9.
744 4023 884 4078 vocantur
907 4013 923 4080 ὁ
941 4019 1016 4090 λαὸς
1038 4027 1091 4082 τοῦ
1108 4014 1193 4082 Osco.
1223 4016 1303 4080 Usus
1325 4026 1423 4080 autem

254 4132 299 4186 est
314 4124 343 4186 h.
359 4123 379 4188 l.
396 4144 419 4187 s.
436 4123 557 4208 scriptor
571 4125 626 4186 hoo
641 4120 862 4186 christianornm
877 4131 1065 4204 cognomento
1075 4122 1164 4185 etiam
1179 4129 1341 4205 propterea,
1356 4122 1424 4206 quia

256 4247 345 4309 supra
359 4248 387 4291 v.
406 4231 456 4296 16.
478 4239 509 4291 et
532 4231 582 4296 l'i.
605 4229 781 4292 mentionem
802 4231 909 4292 fecerat
924 4229 1024 4304 Enati,
1047 4229 1097 4311 qui
1119 4248 1171 4312 pro
1194 4230 1277 4294 unico
1299 4231 1365 4294 cibo
1379 4231 1424 4294 ius

255 4333 400 4398 natalium
415 4334 592 4408 vendiderat,
614 4335 660 4396 cui
682 4335 791 4398 similes
806 4335 956 4408 forent'si
977 4335 1028 4417 qui
1049 4336 1161 4418 exiguis
1182 4336 1342 4402 commodis
1357 4355 1423 4422 per-
