3096 4886
287 297 354 373 224
710 301 1026 374 mmmmm

287 481 453 572 ὀνιιδιομνλν
467 479 559 550 αυτοῦ
574 490 725 572 φέροντες.
741 521 778 532 -
799 483 887 556 Quod
901 486 978 548 dixit
998 483 1149 568 spostolus
1171 487 1208 548 de
1231 479 1348 551 Christo
1370 499 1456 550 extra

287 601 402 674 portem
417 610 513 673 peno,
527 593 655 672 quadem
670 591 809 673 allegoria
823 593 964 654 convertit
977 594 1016 654 ud
1031 593 1264 654 exhortctionem
1287 596 1324 656 de
1339 594 1455 658 Christo

286 699 317 762 in
331 719 375 772 eo,
389 699 467 781 quod
482 707 566 760 extro
581 707 696 779 portem
711 719 816 780 pessus
838 709 891 772 est,
913 698 1055 762 imitando
1078 699 1231 785 (Eetion).
1261 699 1373 764 Sensus
1395 713 1454 762 ωτι
1531 747 1532 756 ,

286 804 443 868 Mitrnmus
457 821 540 866 sena
554 803 575 866 J
576 805 743 878 udseomm,
757 823 925 885 separemus
938 825 992 866 nos
1005 805 1164 878 aJudaeic.
1178 806 1294 868 etiamsi
1302 817 1456 888 propterea

287 909 443 994 participes
458 909 567 972 Christi
583 910 750 992 passionum
771 911 831 975 imo
853 921 884 974 et
898 911 1000 974 mortis
1021 911 1083 972 eius
1097 911 1304 992 ignominiosae
1323 933 1388 974 mse
1401 915 1455 974 de-

287 1018 417 1080 beamus
430 1053 467 1063 -
482 1015 514 1082 S.
529 1025 630 1078 sudor
638 1009 767 1097 scripsit:
783 1017 841 1090 ἔξω
850 1029 906 1106 τῆς
920 1019 1128 1106 παρεμβολῆς,
1137 1037 1194 1078 non
1204 1020 1332 1092 πολεως,
1347 1039 1454 1101 qnem-

285 1143 378 1206 qusm
393 1125 494 1186 urbem
510 1122 648 1204 respexit,
672 1131 707 1184 ut
727 1142 765 1184 ex
779 1124 966 1204 sequentibus
980 1124 1020 1204 (v.
1039 1121 1102 1208 14.)
1123 1123 1222 1186 verbis
1241 1133 1376 1205 appare.
1396 1145 1453 1186 non

286 1239 403 1292 tentum
418 1237 579 1311 propterea.
594 1227 664 1309 quis
678 1230 748 1291 urbs
762 1228 784 1290 J
785 1229 883 1292 udueis
898 1239 969 1303 eret,
991 1231 1070 1312 quod
1091 1229 1162 1291 olim
1177 1229 1208 1292 in
1229 1231 1343 1292 dmeno
1358 1241 1453 1292 meua

285 1337 410 1408 inerunt,
425 1336 476 1398 sed
491 1333 581 1396 etism
596 1343 756 1416 propterea,
772 1334 841 1416 quin
855 1335 885 1396 in
900 1337 1013 1400 deserto
1027 1337 1092 1398 Iex
1107 1336 1179 1410 uta.
1200 1335 1297 1398 cultus
1305 1336 1453 1398 Ιιυνὶιίιιυι

284 1441 436 1504 institutus
452 1448 524 1515 eret,
538 1461 558 1502 s
573 1439 737 1504 christianis
762 1438 841 1526 (ooll.
856 1462 884 1504 v.
900 1439 943 1522 9.)
957 1441 1087 1523 religioni
1103 1439 1213 1504 Christi
1233 1443 1315 1505 baud
1339 1443 1453 1506 immis-

284 1547 399 1621 cendos,
413 1545 495 1610 ouius
510 1555 609 1610 temen
624 1546 801 1628 neglectione
816 1547 915 1612 odium
929 1557 960 1610 et
974 1547 1187 1629 persecutiones
1200 1547 1381 1612 Judssorum
1396 1548 1450 1610 sibi

283 1655 439 1738 porcbsnt

372 1779 401 1826 v.
420 1760 470 1826 14.
486 1755 530 1824 Ob
545 1763 604 1846 γὰρ
620 1758 732 1847 ἔχομεν
748 1757 806 1825 ὧδε
822 1767 970 1846 μένουσαν
984 1765 1081 1835 πόλιν,
1104 1759 1191 1826 ἀλλὰ
1206 1767 1259 1851 τὴν
1276 1763 1451 1848 μέλλουσαν

283 1867 487 1955 ἐπιζητοῦμεν.
504 1900 545 1911 -
562 1865 670 1928 Verbis
685 1865 886 1930 buiusvcrsus
900 1867 1017 1930 additur
1030 1887 1127 1942 osma,
1142 1869 1181 1929 ob
1191 1887 1281 1948 quum
1294 1868 1361 1949 ipsn
1374 1885 1452 1929 mors

282 1971 475 2057 ignominioso
489 1969 654 2034 christianis
668 1980 786 2053 propter
801 1971 945 2054 religionis
960 1972 1164 2054 professionem
1172 1975 1342 2054 perferendo
1349 1974 1397 2042 sit.
1406 2007 1451 2020 -

281 2079 302 2171 ἡ
319 2080 477 2167 μέλλουσα
492 2079 580 2152 πόλις
596 2077 676 2140 idem
687 2077 833 2160 exprimit,
848 2080 925 2160 quod
935 2076 1021 2165 (XlL
1038 2076 1121 2163 22.):
1144 2075 1349 2168 Ἰερουσαλὴμ
1358 2079 1450 2145 ἔπου-

283 2191 386 2273 ράνιος
401 2193 432 2246 et
446 2183 517 2266 (XI.
536 2182 617 2269 10.):
632 2183 653 2273 ἡ
668 2186 739 2258 τοὺς
754 2187 918 2272 θεμελίους
933 2185 1050 2274 ἔχουσα
1072 2183 1169 2259 πόλις,
1190 2185 1229 2273 ής
1244 2191 1382 2273 τεχνίτης
1396 2190 1449 2250 τισί

283 2293 464 2380 δημιουργὸς
479 2286 496 2354 ὁ
513 2287 597 2364 Θεός.
627 2291 770 2354 Futurcm
786 2301 886 2354 eutem
901 2291 1049 2354 civitstm
1063 2293 1140 2354 hono
1161 2301 1255 2365 voest,
1277 2292 1348 2372 quis
1366 2291 1449 2355 nobis
1531 2369 1532 2374 μ

281 2401 381 2462 future
395 2405 448 2460 est.
478 2396 558 2458 Nom
573 2399 644 2472 Deo,
660 2395 784 2472 Christo,
799 2398 910 2479 angelis
924 2407 954 2460 et
967 2397 1075 2460 sanctis
1089 2398 1150 2460 iam
1164 2416 1302 2480 praesens
1316 2408 1369 2466 est

370 2523 399 2566 v.
417 2503 467 2570 15.
482 2499 529 2568 Δι’
545 2500 637 2570 αὐτοῦ
653 2501 704 2569 oio
726 2503 922 2591 ἀναφέρωμεν
944 2509 1054 2570 θυσίαν
1069 2503 1209 2578 αἰνέσεως
1231 2506 1392 2578 διαπαντὸς
1408 2516 1448 2588 τῷ

283 2611 358 2698 Θεῷ,
383 2617 516 2677 τουτέστι
538 2614 654 2695 καρπὸν
679 2614 807 2697 χειλέων
827 2608 1056 2696 duolio-roboreo
1078 2623 1119 2696 τῷ
1140 2609 1265 2699 ὀνόματι
1286 2609 1388 2677 ciceri.
1404 2595 1447 2656 -ss

283 2717 461 2792 Cohortatio,
483 2736 574 2800 quem
588 2716 636 2779 hio
650 2735 750 2780 versus
765 2716 901 2792 continet,
922 2737 980 2780 nou
1001 2738 1039 2781 ex
1059 2717 1191 2800 proxime
1211 2717 1448 2800 praecedentibus

160 2821 163 2828 '
284 2824 441 2897 deducitur,
457 2825 615 2898 emente.
624 2843 699 2905 quae
714 2844 741 2885 v.
752 2825 782 2890 8.
791 2831 894 2905 coepta
903 2834 955 2898 est,
971 2825 1227 2904 argumentatione.
1257 2826 1362 2888 Monet
1375 2845 1449 2906 apo-

283 2931 377 2993 stolus
393 2930 512 2992 lectores
526 2950 604 3003 snos,
619 2939 653 2992 ut
667 2931 763 2992 Deum
778 2932 816 2992 ob
831 2938 916 2992 tanta
935 2930 1075 2992 beneficis
1090 2949 1141 3012 per
1155 2930 1305 2993 Christum
1325 2931 1357 2994 in
1370 2931 1449 3012 ipsos
1531 2943 1532 3006 l

282 3035 390 3100 oollsts
404 3035 550 3098 eelebrent
564 3035 691 3118 hymnis,
706 3035 846 3117 precibus,
862 3043 897 3098 ut
910 3055 978 3098 enm
999 3037 1106 3111 colent,
1127 3057 1185 3100 non
1199 3037 1305 3100 ritibus
1319 3037 1447 3111 iudeids,

282 3143 333 3206 sed
347 3139 404 3223 piis
419 3140 559 3221 sensibus,
575 3141 722 3217 sacrificio,
737 3145 815 3224 quod
830 3142 920 3205 animi
935 3143 1016 3206 cultu
1037 3152 1157 3210 constet.
1172 3179 1216 3190 -
1231 3140 1269 3208 δι’
1285 3141 1378 3209 αυτοῦ
1393 3164 1448 3206 ex·

278 3247 380 3331 pliocri
388 3249 488 3310 debet:
506 3265 556 3329 per
564 3246 721 3340 Christum,
737 3248 930 3331 quireligione
939 3269 993 3312 sun
1001 3258 1046 3311 tot
1060 3250 1144 3313 nobis
1159 3249 1281 3331 largitus
1294 3259 1341 3312 est
1350 3252 1441 3312 benc-

285 3355 359 3429 ficin‚
384 3362 476 3418 morte
501 3363 619 3417 cruente
639 3355 670 3418 in
691 3373 772 3419 cruce
796 3373 933 3438 perpesso
953 3365 1073 3436 peccate
1098 3365 1196 3418 nostre
1219 3355 1352 3438 expiavit
1374 3366 1405 3418 et
1418 3355 1448 3418 in

281 3459 383 3525 mortis
402 3460 489 3524 huius
505 3461 674 3524 memorium
694 3482 732 3524 ss.
747 3461 857 3524 Missae
871 3461 1042 3524 scudicium
1056 3461 1190 3525 instituit
1206 3498 1250 3510 -
1265 3465 1315 3528 διὰ
1330 3469 1448 3537 παντός,

280 3585 406 3649 semper,
421 3565 481 3630 siue
496 3566 714 3632 intermissione.
730 3604 774 3614 -
789 3571 899 3634 donico
914 3565 1055 3642 αἰνέσεως
1070 3567 1228 3656 ἀναφέρειν
1254 3569 1333 3631 idem
1354 3579 1399 3632 est
1413 3589 1447 3630 sc

281 3672 369 3742 αἰνεῖν
384 3679 434 3740 τὸν
450 3671 524 3740 Θεόν
540 3671 769 3760 (cfr.1ev.v11.
787 3675 859 3755 12).
872 3713 907 3722 —-
923 3672 1081 3761 ὁμολογεῖν
1090 3693 1141 3756 per
1155 3675 1358 3738 hebraismum
1371 3676 1447 3738 idem

280 3782 362 3845 volet
375 3783 453 3862 quod
467 3779 565 3856 αἰνεῖν,
580 3780 709 3856 laudere,
725 3781 883 3857 celebrare;
898 3780 1036 3862 quonism
1057 3781 1107 3862 qui
1130 3781 1252 3844 laudaut
1274 3781 1405 3864 aliquem
1419 3791 1447 3843 et
1527 3839 1532 3854 p

280 3888 436 3960 celebrent,
452 3887 478 3950 ei
493 3891 622 3950 letentur
631 3887 714 3968 quasi
730 3895 760 3950 et
774 3889 939 3962 ostendunt,
951 3887 1066 3968 agnosci
1081 3907 1139 3948 ase
1148 3889 1270 3950 vinutes
1286 3887 1367 3965 eius;
1384 3888 1447 3950 binc

280 3992 438 4082 ὁμολογεῖν
454 4005 495 4078 τῷ
512 3990 634 4079 ὀνόματι
649 3990 741 4060 αυτοῦ
753 4013 791 4056 ex
799 3995 880 4056 hebr.
891 3993 1025 4074 loquendi
1034 3993 1146 4056 ratione
1154 3995 1289 4057 denotat:
1305 3995 1447 4058 celebrere
1531 4051 1532 4082 μ

279 4102 383 4164 Βευοι
415 4097 493 4162 Sene
508 4116 582 4180 ergo,
598 4099 668 4181 quid
688 4100 743 4162 sibi
765 4099 839 4161 velit
855 4099 994 4162 formula:
1017 4103 1111 4164 θυσία
1126 4097 1275 4174 αἰνέσεως,
1298 4101 1448 4182 apostolus
1531 4085 1532 4140 ἶ

238 4185 246 4194 ’
280 4205 392 4290 egregie
408 4205 537 4288 explicet
552 4205 666 4270 adiecta
680 4205 891 4288 propositione:
907 4207 1035 4269 honest:
1051 4207 1161 4282 leudes,
1176 4227 1250 4289 quas
1259 4206 1342 4272 lobia
1351 4216 1448 4272 nostro

280 4314 377 4380 Deum
392 4310 571 4375 celebrantia
585 4320 728 4394 tanquam
743 4314 854 4378 fructus
868 4313 1049 4396 progignunt.
1531 4299 1532 4314 ¹
