3096 4886
574 323 887 394 manorum-m.
1244 327 1308 406 μη

140 501 207 567 lul.
229 503 419 588 intelligenda
441 514 512 570 sunt
530 506 659 569 touitma
676 508 902 582 vehementiora,
934 507 1049 589 longius
1069 507 1212 582 meantia
1232 528 1309 589 quaa

141 611 310 676 iudioabaut
330 611 462 676 Jsbovae
481 604 643 676 tidventum
657 624 688 675 et
706 613 910 694 praesentiam.
926 649 970 662 -
992 621 1077 704 ρωνὴ
1100 611 1243 702 ῥημάτων
1264 624 1309 680 est

139 737 201 782 vox
215 718 270 780 Dei
286 719 379 800 legem
393 718 613 800 promulgantis.
629 755 670 766 «-
687 724 899 805 παραιτεῖσθαι
915 720 962 806 (ut
976 721 1028 784 lat
1044 718 1204 806 depressit)
1220 722 1308 786 odhra

142 827 229 888 betur
242 827 279 888 ds
293 824 337 900 iis,
358 824 413 906 'qui
428 825 680 906 veniam'pstunt,
703 846 733 888 se
757 837 906 901 excusant,
929 829 1015 892 etde
1038 827 1083 902 iis,
1104 828 1155 909 qui
1175 828 1309 909 precibus

140 931 252 1014 aliquid
266 930 423 1005 deuliuaut,
438 940 473 994 ut
486 932 559 994 adeo
573 931 713 1013 signilloet
727 951 865 998 recusare.
895 933 1044 998 Partioula
1059 941 1101 1023 μή
1116 934 1146 998 in
1161 934 1309 999 nonnullis

140 1037 286 1102 oodioibus
300 1039 391 1101 deest.
420 1036 567 1100 Videlioet
575 1037 685 1100 librarii
700 1058 766 1102 eam
781 1039 949 1114 omiserunt,
964 1040 1034 1122 quia
1048 1039 1078 1104 iu
1093 1043 1181 1104 verbo
1196 1063 1307 1126 napos·

141 1149 260 1210 τεῖοόαι
282 1144 490 1224 eompreheusa
508 1153 553 1205 sst
573 1143 697 1225 negatio,
725 1147 776 1208 sed
797 1166 855 1208 uon
875 1155 1055 1228 reputarunt,
1075 1145 1202 1212 Graecos
1223 1146 1309 1212 huius

143 1251 255 1334 generis
268 1252 362 1312 verbe
375 1249 457 1332 sequi
471 1249 570 1312 iubere
584 1250 759 1332 partioulam
774 1258 825 1340 μή.
833 1248 857 1336 ¹)

229 1393 258 1437 r.
275 1375 327 1440 20.
345 1369 414 1457 (οὐκ
429 1373 536 1462 ἔφερον
551 1377 609 1460 γὰρ
625 1379 659 1440 τὸ
675 1375 932 1463 διαστελλόμενον·
955 1373 1024 1442 Κᾶν
1039 1380 1146 1462 θυρίον
1162 1382 1237 1464 θίγῃ
1252 1385 1306 1441 τοῦ

139 1481 239 1567 ilpunc,
255 1481 551 1568 λιθοβοληθήσεται·
560 1515 605 1527 -
614 1481 772 1544 Hoeversu
787 1501 810 1543 s.
819 1491 919 1544 auotor
927 1482 1069 1545 rationem
1077 1483 1155 1559 dioit,
1169 1485 1208 1546 ob
1217 1501 1306 1564 quum

138 1587 247 1651 Judaei
261 1585 465 1660 recusaverint,
485 1605 522 1648 ue
537 1585 608 1668 ipsis
622 1605 642 1648 α
656 1587 719 1649 Deo
733 1588 824 1650 verba
845 1587 958 1663 fierent;
980 1597 1066 1651 tants
1086 1587 1223 1654 nimirum
1244 1597 1307 1651 erat

136 1695 168 1757 iu
182 1693 363 1778 legislatione
379 1691 521 1756 Sinaitiea
540 1691 687 1768 severitas,
708 1703 743 1755 ut
764 1710 800 1756 ue
822 1692 1000 1756 animalibus
1022 1691 1138 1776 quidem
1161 1694 1254 1758 brutis
1276 1704 1307 1757 et

135 1799 333 1875 inscientibus,
348 1819 424 1882 quae
439 1798 582 1862 oanoellos
597 1815 693 1861 saeros
707 1783 799 1862 monti
814 1799 1021 1864 oiroumdu'etos
1035 1799 1219 1881 attingerent,
1234 1819 1306 1882 par-

138 1917 224 1972 oeret
243 1945 280 1958 -
298 1905 489 1988 Partioipiom
509 1910 544 1970 τὸ
569 1906 818 1992 διαστελλόμενον
840 1907 1018 1970 referendum
1040 1915 1085 1969 ost
1103 1907 1143 1970 οό
1162 1909 1254 1970 verba
1267 1927 1306 1971 ox

136 2015 231 2078 Exod.
246 2013 339 2080 xm
357 2014 407 2078 12.
425 2013 476 2078 13.
491 2011 591 2076 uitata

180 2159 208 2200 v.
225 2138 277 2204 21.
292 2141 345 2204 καὶ
361 2131 439 2202 οὕτω
455 2139 583 2222 φοβερὸν
598 2131 635 2224 ἠν
651 2139 684 2202 τό
701 2139 928 2223 φανταζόμενον·
959 2131 1095 2228 Motene
1111 2134 1196 2203 εἶπεν·
1222 2132 1303 2202 Ἔα·

139 2249 233 2333 μοβός
248 2242 307 2332 εἰμι
321 2243 374 2308 οιαὶ
389 2239 556 2329 ἔντρομος)·
568 2278 608 2290 -
621 2237 665 2307 Τὸ
676 2246 894 2330 φανταζόμενον
908 2243 998 2328 (idem
1008 2263 1042 2306 ae
1056 2248 1090 2309 τὸ
1106 2242 1305 2332 φαινόμενον),

136 2362 181 2414 est
195 2351 300 2426 visum,
316 2351 392 2432 quod
408 2350 580 2432 apparebat,
595 2348 697 2410 oblata
712 2349 821 2429 speeies
836 2359 866 2410 et
880 2348 995 2432 imago;
1010 2351 1160 2432 apostolus
1176 2353 1204 2413 h.
1222 2352 1240 2417 l.
1256 2352 1304 2414 iu-

138 2457 244 2538 telligit
259 2455 390 2529 fulmina
406 2453 553 2527 nebulam,
568 2455 711 2529 tenebras,
725 2455 891 2536 mosellam,
906 2457 1035 2519 tonitrua
1050 2455 1128 2542 (coll.
1142 2476 1191 2524 vv.
1209 2459 1259 2524 18.
1275 2468 1306 2520 et

138 2559 211 2650 19.).
243 2563 351 2626 Totum
367 2569 466 2623 autem
481 2560 536 2622 boe
549 2569 636 2623 vocat
650 2565 880 2648 φανταζόμενον,
902 2561 971 2642 quis
992 2581 1049 2625 non
1072 2562 1227 2625 videbatur
1241 2563 1304 2645 ipse

133 2669 225 2744 Deus,
240 2671 291 2732 sed
306 2669 344 2730 ad
369 2676 505 2729 terrorem
519 2666 683 2728 maiestatis
705 2667 767 2728 eius
787 2665 845 2728 ista
866 2667 1081 2729 exhibebantur
1095 2667 1246 2753 (Elatiae).
1264 2705 1303 2719 -

136 2777 234 2840 Effato
249 2774 370 2856 Moysis,
385 2773 462 2855 quod
478 2771 583 2854 legitur
597 2773 684 2836 Dent
707 2771 778 2857 (IX.
796 2769 874 2856 19.):
889 2772 1022 2860 ἕαμοβός
1046 2770 1113 2862 εἰμι,
1135 2773 1183 2836 bie
1204 2774 1306 2838 addita

132 2891 203 2946 suut
215 2883 318 2944 rerba:
339 2883 392 2945 ael
406 2879 558 2966 ἔντρομος.
588 2878 634 2942 Ibi
656 2877 774 2961 quidem
797 2899 855 2942 uon
876 2889 922 2941 est
942 2897 1035 2942 sermo
1050 2881 1086 2942 de
1107 2879 1297 2962 legislatione,

135 2991 186 3052 sed
201 2990 237 3051 de
251 3008 285 3051 eo
300 2995 439 3067 tempore,
460 3005 518 3067 quo
540 2985 658 3068 Moyses
672 2994 741 3068 post
755 2985 848 3068 legem
869 2985 972 3061 lutum,
994 2986 1131 3068 quoniam
1153 2987 1305 3051 Israelitas

136 3094 229 3162 vitulo
243 3111 331 3157 aureo
340 3110 423 3155 saura
431 3093 566 3165 feoeraul,
576 3091 631 3154 Dei
640 3091 713 3154 iram
723 3091 918 3173 pertimuerit3
934 3093 984 3154 sed
993 3093 1206 3173 apostolusilla
1214 3095 1305 3156 verba

134 3201 201 3276 huc,
217 3221 273 3283 quo
289 3219 347 3262 uon
363 3200 544 3280 spectabunt,
560 3197 719 3272 transtulit,
735 3207 769 3260 ut
783 3199 954 3273 ostenderet,
969 3197 1087 3280 plenam
1109 3198 1196 3262 fuisse
1211 3207 1305 3263 terro·

136 3308 218 3371 ribus
232 3306 446 3396 iustitutionem
460 3304 629 3368 Mosaioam.
660 3303 724 3367 Alii
734 3303 845 3386 opinati
856 3315 933 3380 sunt,
948 3305 1072 3389 Moysen
1088 3307 1160 3368 haee
1174 3309 1264 3369 verba
1273 3305 1307 3370 in¹

132 3423 231 3477 moute
248 3411 338 3488 Sinai,
354 3431 420 3476 eum
434 3409 576 3473 terribilia
591 3410 644 3473 ille
658 3411 777 3484 videret,
793 3411 956 3494 protulisse,
971 3431 1062 3494 eaque
1078 3413 1217 3494 epistolae
1232 3433 1303 3476 auu-

131 3520 188 3584 tori
202 3521 250 3583 vel
266 3539 281 3582 e
297 3517 461 3592 traditione,
475 3516 524 3579 vel
538 3537 554 3579 s
569 3517 645 3580 libro
659 3519 786 3599 quodam
801 3521 970 3602 apocrypho
985 3529 1132 3603 oomperta
1147 3519 1243 3583 fuisse.

221 3664 250 3710 ν.
267 3646 318 3712 22.
334 3642 420 3708 ἀλλὰ
435 3643 687 3730 προςεληλόόατε
711 3639 787 3708 Σιὼν
810 3641 882 3729 ὄρει,
905 3648 957 3709 aul
979 3646 1065 3708 πόλει
1081 3641 1158 3708 Θεοῦ
1183 3649 1303 3719 ζῶντος,

133 3747 338 3838 Ἰερουσαλὴμ
353 3747 527 3834 ἐπουρανίῳ,
541 3751 594 3813 καὶ
609 3755 756 3836 μοριόιαιν,
771 3747 908 3832 ἀγγέλων

224 3877 253 3920 ν.
269 3857 321 3924 23.
336 3859 507 3941 πανηγόρει,
524 3859 576 3921 ναὶ
591 3853 743 3942 ἐκκλησία
762 3861 960 3942 πρωτοτόκων
983 3853 1254 3944 ἀπογεγραμμένων
1269 3853 1301 3920 ἐν

135 3959 284 4049 οὐρανοῖς,
294 3966 347 4026 ιιαὶ
356 3972 444 4048 κριτῇ
455 3959 520 4047 Θεῷ
527 3966 653 4034 πάντων,
663 3965 715 4025 καὶ
724 3966 869 4050 τνεόμαοι
878 3964 999 4026 δικαίων
1007 3963 1249 4048 τετελειωμένων,
1257 3995 1302 4008 -

132 4068 271 4154 Sequitur
278 4089 354 4131 uuuo
364 4067 508 4129 sententia
516 4067 666 4150 opposita:
681 4069 733 4130 sed
747 4067 954 4130 aeoessistisad
968 4066 1134 4148 religionem
1144 4067 1301 4142 laetiorem,

223 4351 247 4421 ι)
263 4351 314 4403 aa.
334 4348 427 4404 *om
444 4351 556 4404 om
573 4351 642 4405 saa
654 4349 698 4415 a,
715 4349 754 4404 ει
772 4347 833 4407 ser.
