3094 4892
281 314 325 382 58
575 405 578 410 ,
757 317 882 378 mpsim
899 315 933 366 Π·
953 315 978 368 9.

282 490 335 552 illn
350 494 426 552 dona
442 503 566 584 naturae
578 501 608 552 et
622 492 742 571 gratiss,
757 513 832 572 quae
849 493 957 554 homini
973 493 1107 574 primitus
1121 496 1238 556 oondlto
1253 495 1372 556 oollata
1394 503 1464 556 sunt
1519 479 1520 482 ¹

282 607 313 657 et
328 596 519 676 persolutam
535 597 564 658 in
580 595 696 659 Oloristo
711 596 806 658 altiori
822 617 908 660 sensu
918 600 1122 674 restituuntur3
1137 601 1176 662 ed
1186 599 1342 662 Christum
1358 611 1461 661 autem

284 701 379 764 relate
392 711 565 765 concernunt
579 711 689 764 statum
705 703 766 764 uus
780 703 976 778 exaltationis,
999 706 1048 785 qui
1069 715 1180 768 etatum
1200 705 1417 768 exinanitionis
1432 717 1461 766 et
1519 765 1520 772 ,

283 808 484 871 submissionis
498 809 554 870 sub
569 808 687 888 angelos
701 817 817 870 seontns
832 818 876 870 eet
891 807 953 892 (etr.
969 810 1047 874 Phil
1063 812 1102 872 IL
1118 813 1148 878 9.
1164 809 1224 893 sa).
1244 847 1279 858 -·
1303 810 1396 882 Quae
1411 833 1458 874 se·⁴
1519 819 1520 838 ¹

282 923 411 996 quantur
424 916 530 976 verba:
544 919 734 999 κατέστησας
749 959 756 975 .
773 959 781 975 .
798 960 805 975 .
822 960 829 976 .
845 927 955 1000 χειρῶν
970 938 1025 981 ooo
1041 917 1312 998 habenturqoidem
1326 917 1360 980 in
1376 918 1458 982 oodi-

281 1019 364 1083 oibus
378 1021 418 1093 A,
432 1020 466 1092 (l,
481 1021 519 1092 D,
533 1021 578 1092 Μ,
593 1020 698 1082 desum
712 1037 780 1082 vero
795 1018 825 1080 in
840 1019 1034 1095 seditionali,
1049 1023 1096 1084 Ι)Β
1119 1022 1152 1107 (i.
1169 1043 1194 1084 e.
1210 1023 1302 1086 serior
1315 1024 1457 1087 ooneotio

282 1126 436 1189 leotionnm
451 1123 555 1188 oodioie
569 1121 641 1210 D1),
656 1123 696 1197 Κ,
710 1125 746 1198 L
755 1133 786 1186 et
799 1123 829 1186 in
838 1124 971 1206 plurimis
979 1125 1160 1190 versionibus
1174 1137 1204 1189 et
1217 1139 1379 1210 pmpterea
1388 1141 1457 1192 snut
1519 1105 1520 1162 i

280 1241 422 1311 suspeeta
437 1265 481 1278 -
503 1230 620 1294 Verba:
642 1237 740 1296 πάντα
761 1227 910 1305 ὑπέταξας
932 1227 1074 1299 ὑποκάτω
1096 1246 1153 1300 των
1172 1236 1272 1302 ποδῶν
1295 1233 1394 1302 αὐτοῦ
1416 1238 1454 1298 ad
1519 1271 1520 1296 r

281 1335 427 1397 hominem
443 1335 576 1416 primitus
591 1343 719 1398 ereetum
734 1335 828 1398 reluta
842 1335 995 1418 designant
1002 1337 1161 1402 dominium
1176 1348 1269 1402 terrae
1283 1340 1342 1422 ipsi
1360 1343 1454 1404 aDeo

279 1440 420 1504 oollatum
435 1439 523 1518 (Gen.
538 1443 562 1503 I.
578 1441 663 1521 26.);
686 1443 724 1504 etl
739 1439 889 1504 cuneum
911 1460 979 1506 vero
1000 1443 1109 1506 relata:
1133 1445 1293 1508 dominium
1316 1447 1453 1510 eoeleste.

281 1546 393 1610 Paulus
408 1567 484 1610 nune
497 1547 588 1610 verba
602 1566 639 1608 ex
654 1565 697 1628 pe
712 1547 798 1611 VIIL
815 1547 857 1631 (in
875 1567 920 1610 rv.
937 1551 967 1616 ά
984 1551 1014 1615 'l-
1029 1559 1058 1612 et
1073 1548 1116 1633 8.)
1137 1550 1229 1614 uitato
1249 1553 1383 1616 breviter
1397 1573 1451 1614 ex-

279 1653 378 1734 plieat,
393 1663 427 1716 ut
441 1655 586 1726 ostenda,
609 1653 699 1716 verbe
722 1653 780 1716 ista
802 1653 838 1716 de
853 1651 969 1716 Christo
983 1655 1047 1718 Doo
1061 1656 1177 1720 homine
1191 1675 1243 1738 per
1258 1659 1363 1722 mortis
1379 1679 1451 1740 pes-

279 1760 392 1822 sionem
407 1760 437 1824 in
452 1759 573 1842 gloriam
595 1759 746 1824 coelestem
768 1758 910 1822 intraturo
931 1758 1119 1842 intelligenda
1139 1783 1209 1824 esse.
1238 1763 1413 1827 Pnaemittit
1428 1786 1450 1826 s.

279 1875 379 1929 auotor
393 1886 492 1931 vooem
508 1873 605 1934 πάντα
619 1875 708 1947 atoue
723 1865 789 1928 inde
803 1874 1006 1946 argumentum
1021 1885 1073 1948 pro
1092 1888 1207 1930 summa
1223 1867 1333 1932 Christi
1348 1871 1448 1951 digui-

279 1981 340 2034 tate
355 1972 452 2048 duoit;
466 1975 536 2036 dum
551 1991 654 2054 nempe
669 1973 748 2034 Deus
763 1971 861 2032 omnia
875 1971 991 2034 omnino
1007 1971 1123 2036 (innato
1145 1975 1274 2050 subiecit,
1298 1975 1403 2057 utique
1418 1986 1448 2038 et

278 2084 330 2166 την
347 2076 525 2166 οἰκουμένην
542 2079 715 2164 μέλλουσαν
730 2085 759 2138 et
774 2076 852 2160 ipsos
867 2078 985 2158 angelos
1000 2078 1026 2139 ei
1042 2080 1171 2142 subiecit.
1203 2081 1268 2142 lam
1283 2100 1354 2144 vero
1371 2103 1446 2144 non·

278 2185 347 2246 dum
363 2182 480 2246 Ohrieto
495 2183 593 2246 omnia
607 2183 736 2245 subiecta
751 2183 897 2258 ridemus3
920 2186 1048 2246 nondum
1069 2205 1169 2248 omnes
1190 2187 1281 2268 ipsius
1302 2189 1405 2250 hostes
1420 2187 1446 2248 ei
1519 2175 1520 2248 l

276 2287 395 2352 subieoti
411 2299 440 2352 et
455 2299 599 2372 potestate
614 2308 667 2350 sua
683 2287 790 2370 privati
806 2298 874 2351 sunt
889 2287 978 2374 (qnod
994 2292 1144 2372 apostolus
1159 2292 1246 2354 etiam
1259 2295 1283 2354 Ι.
1293 2291 1359 2357 Cor.
1370 2293 1444 2356 XV.

277 2395 328 2460 24.
344 2415 381 2460 se.
399 2393 503 2480 doeet).

365 2523 392 2566 v.
408 2506 437 2570 9.
455 2500 515 2570 Τὸν
531 2504 563 2570 δὲ
579 2505 680 2588 βραχέ)
695 2525 722 2566 τι
731 2498 802 2587 παρ’
819 2501 968 2584 άηηέλοος
977 2500 1191 2590 ἠλαττωμένον
1208 2507 1359 2590 βλέπομεν
1376 2502 1442 2590 Ἰη-

278 2614 357 2684 oete,
374 2611 423 2676 διὰ
438 2613 472 2674 τὸ
487 2611 621 2695 πάθημα
635 2617 688 2673 τοῦ
703 2610 850 2682 θανάτου,
867 2608 940 2694 δόξῃ
955 2613 1007 2673 καὶ
1022 2620 1093 2696 τιμῇ
1108 2608 1342 2696 έςεφανωμένον,
1358 2609 1442 2684 ὅπως

276 2719 378 2799 χάριτι
394 2714 472 2782 Θεοῦ
488 2712 562 2800 ὑπὲρ
577 2718 687 2788 παντὸς
702 2717 843 2800 ητάσηται
859 2715 1003 2780 θανάτου.
1019 2750 1061 2763 -
1078 2714 1135 2777 Ηίσ
1150 2733 1249 2777 versus
1263 2736 1329 2778 oum
1344 2717 1442 2778 verbis

277 2821 512 2900 praesedentihns
527 2829 604 2882 arete
619 2820 767 2893 oohaeret3
784 2817 894 2880 Paulus
909 2819 985 2881 enim
994 2839 1069 2882 nuno
1083 2820 1113 2882 in
1122 2822 1372 2902 argumentatione
1387 2843 1441 2883 sua

275 2927 315 2988 sio
330 2925 526 3008 prosequitur:
542 2924 627 2996 Quae
642 2912 756 3007 psalmo
770 2925 857 2988 v111.
873 2925 908 2986 de
923 2922 1041 2987 Christo
1048 2925 1141 3006 gloria
1155 2936 1185 2988 et
1196 2927 1303 2990 honore
1311 2929 1440 2990 ornando

275 3031 424 3113 praedicta
439 3042 515 3107 eunt,
530 3031 641 3094 exitum
656 3032 836 3106 habuerunt;
852 3030 984 3092 evenient
999 3049 1065 3112 ergo
1080 3033 1177 3106 etiam,
1202 3053 1276 3114 quae
1298 3035 1334 3094 de
1349 3033 1439 3114 ipsius

228 3221 231 3226 Ι
274 3137 396 3220 imperio
411 3157 497 3222 super
512 3139 609 3201 omnia
624 3135 772 3220 praediola
787 3147 862 3200 sunt
872 3171 915 3182 -
931 3137 966 3197 In
975 3137 1175 3200 constituenda
1189 3141 1343 3202 verborum
1353 3139 1439 3200 huius

275 3262 375 3307 versus
390 3256 533 3308 structura
548 3255 577 3307 et
592 3245 736 3307 sententie
750 3245 877 3307 multum
892 3243 1062 3306 laborarunt
1076 3244 1246 3327 interpretes
1251 3265 1260 3320 ;
1282 3243 1438 3326 simplicis·

276 3351 351 3413 sima
366 3361 395 3412 et
417 3351 553 3415 orationis
576 3351 657 3414 seriel
680 3349 950 3414 convenientissima
971 3349 1045 3412 ratio
1064 3351 1186 3424 videtur,
1208 3351 1232 3413 si
1254 3349 1437 3420 assumimus,

274 3457 439 3538 apostolum
462 3459 584 3521 seribere
606 3457 745 3521 voluisse:
766 3463 815 3524 τὸν
838 3459 871 3523 δὲ
887 3454 1014 3546 Ἰησοῦν,
1031 3459 1131 3544 βραχά
1151 3481 1178 3522 τι
1193 3454 1265 3543 παρ’
1287 3455 1436 3539 ἀγγέλους

152 3621 157 3634 .
273 3561 496 3652 ἠλαττωμένον,
512 3563 594 3639 ὅπως
609 3571 712 3652 χάριτι
728 3574 780 3630 τοῦ
797 3561 883 3640 Θεοῦ,
900 3559 974 3648 orep
996 3567 1107 3637 παντὸς
1128 3567 1269 3650 γεοσηται
1290 3565 1433 3636 θανάτου,

275 3673 424 3758 βλέπομεν
440 3674 490 3738 διὰ
505 3677 538 3738 τὸ
553 3675 687 3759 πάθημα
702 3681 754 3736 τοῦ
769 3673 905 3736 θανάτου
921 3669 995 3755 δοίη
1010 3672 1062 3734 eut
1071 3681 1142 3757 τιμη
1157 3670 1405 3756 ἐστεφανωμένον.
1413 3663 1433 3746 ¹)

274 3778 377 3840 Verba
391 3777 483 3841 enim:
500 3781 549 3844 διὰ
565 3783 598 3844 τὸ
613 3780 746 3864 πάθημα
761 3785 813 3840 τοῦ
829 3779 973 3847 θανάτου,
989 3773 1185 3856 ooniungenda
1200 3784 1268 3836 sunt
1281 3793 1347 3838 oum
1363 3769 1433 3854 δοἜη

273 3889 325 3950 καὶ
340 3896 412 3972 τιμῇ
430 3885 688 3972 ἑστεφανωμένον;
703 3881 836 3943 Christus
851 3879 927 3941 enim
942 3879 1164 3962 perpessionem
1178 3890 1207 3942 et
1216 3890 1337 3942 mortem
1352 3895 1431 3940 suam

274 4011 332 4054 uon
347 4001 464 4054 tantum
479 3990 563 4054 nobis
578 3993 656 4052 bona
679 3986 836 4069 promeruit
856 3985 1006 4059 salutarie,
1028 3987 1078 4048 sed
1099 3987 1187 4050 etiam
1203 3985 1267 4060 sibi,
1281 3987 1312 4047 h.
1327 4005 1351 4046 e.
1367 4002 1432 4044 suae

273 4109 396 4162 naturae
410 4099 558 4159 hnmanae
573 4096 695 4178 gloriam
711 4101 740 4156 et
755 4093 964 4154 exaltationem
979 4095 1017 4154 ad
1032 4093 1183 4156 dexteram
1197 4091 1252 4154 Dei
1261 4089 1358 4152 Patris
1373 4086 1431 4174 (cfr.

362 4306 382 4374 ¹)
400 4307 450 4358 cfr.
467 4305 620 4357 numm
637 4305 654 4356 l.
673 4320 694 4356 e.
712 4303 749 4356 St.
771 4301 829 4354 101.
847 4304 880 4364 l.;
898 4301 1008 4370 Bioplnp
1033 4303 1051 4354 l.
1069 4317 1091 4354 ο.
1108 4301 1146 4360 tt
1165 4299 1199 4352 67
1214 4303 1236 4368 ⁸l.
1285 4369 1291 4384 .
