3064 4894
257 315 301 380 70
564 311 690 373 monita
708 309 755 362 111.
774 307 816 370 tta
833 310 950 376 μηδι.
968 311 1016 362 ΠΙ.
1037 307 1115 360 1-6.

258 490 386 556 familiae
409 511 479 554 snae
495 500 586 554 rector
600 499 631 552 et
646 490 733 552 herus
747 499 802 562 est,
823 499 853 552 et
868 510 906 552 ex
920 489 967 554 his
981 489 1078 554 vorbis
1092 489 1141 556 ἐπὶ
1155 495 1207 556 τὸν
1224 487 1310 556 οἶκον
1327 488 1441 552 additis

257 598 361 664 clarior
375 607 406 660 ct
420 597 534 680 gravior
548 596 693 678 oppositio
708 595 895 678 progreditur.
913 633 953 642 —
971 597 1022 660 Ad
1043 599 1147 662 verba:
1173 595 1210 664 oi>
1233 595 1321 672 οἶκός
1347 595 1439 683 ἐσμεν

257 704 345 796 ἡμεῖς
359 707 407 768 cfr.
423 707 446 768 L
463 705 528 767 (lor.
544 705 598 768 lll.
615 707 644 772 9.
664 705 730 780 16.;
746 705 785 770 11.
801 703 866 770 Cor.
881 702 937 766 Vl.
957 705 1025 781 16.;
1040 705 1118 788 Eph.
1134 706 1306 780 ll.20.ss;
1322 703 1440 766 LTim.

258 814 313 878 Ill.
332 813 397 888 154
415 813 437 874 l.
454 811 501 876 Pt
517 813 556 874 ll.
572 813 602 878 5.
623 811 677 878 lV.
697 812 762 885 lr.;
784 810 865 874 cuiue
879 812 982 874 domus
1003 829 1104 874 sumus
1126 831 1179 874 nos
1195 808 1352 895 (Vulgata
1368 810 1441 891 legit
1507 870 1508 902 ¹

258 919 302 996 te,
318 939 394 1000 qnae
409 920 512 982 domus
535 938 636 980 sumus
658 915 741 1002 noe);
757 917 786 982 h.
801 938 826 979 e.
849 937 902 980 nos
922 916 1125 982 constituimus
1146 917 1255 980 Christi
1278 916 1441 988 familiam,
1507 927 1508 958 l

260 1029 331 1100 nco.
348 1035 380 1088 nt
394 1023 465 1088 olim
481 1023 641 1097 Israelitac,
656 1042 786 1100 samam3
802 1025 852 1086 sed
868 1043 904 1086 ea
918 1033 1035 1086 tantum
1050 1023 1226 1088 conditione:
1251 1022 1370 1108 ἐάνπερ
1387 1029 1440 1112 τὴν

259 1129 428 1222 audientes
443 1154 472 1198 κ.
488 1155 511 1197 c.
529 1133 558 1194 λ.
573 1127 785 1216 κατάσχωμεν,
801 1129 907 1211 quibus
921 1130 1019 1192 verbis
1033 1130 1184 1211 apostolus
1206 1131 1297 1193 tacite
1313 1129 1440 1194 lectores

263 1239 405 1311 hortatur,
421 1247 454 1300 ut
469 1237 544 1300 tirou
560 1235 662 1300 sintin
680 1235 836 1310 vocatione,
858 1257 894 1300 ne
908 1236 1012 1300 roverti
1027 1236 1119 1302 velint
1140 1238 1178 1302 sd
1201 1236 1296 1318 legam
1312 1236 1441 1318 Moysis

261 1379 304 1390 -
320 1343 471 1410 Fiduciam
487 1343 549 1426 spei
564 1353 745 1406 constantem
760 1343 873 1418 retinet,
888 1343 938 1426 qui
954 1343 1230 1408 nou-erubescitnec
1244 1343 1334 1406 timot
1350 1343 1441 1407 Chri·

261 1461 339 1514 stnm
355 1451 492 1525 confiteri,
516 1449 651 1533 quamvis
673 1452 711 1514 cb
733 1447 810 1514 hanc
832 1451 1039 1514 confessionem
1062 1450 1210 1532 affligatur
1236 1453 1277 1512 ah
1301 1447 1440 1522 inimicis,
1508 1501 1509 1504 ¹

261 1576 351 1640 quare
365 1557 512 1640 eleganter
527 1559 604 1622 hanc
618 1557 753 1622 fiduciam
769 1557 920 1640 apostolus
934 1557 1068 1640 appellat
1082 1554 1259 1645 παῤῥησίαν,
1282 1575 1365 1638 qnae
1381 1576 1440 1620 vox

262 1664 376 1748 proprie
398 1665 555 1748 significat:
578 1664 744 1728 libertatem
766 1665 796 1728 in
819 1665 981 1747 loquendo;
1002 1665 1145 1730 laetitiam
1166 1663 1228 1745 spei
1250 1672 1439 1726 constantem

261 1773 374 1848 retinet
390 1773 440 1856 qui
455 1771 591 1858 quamvis
606 1774 645 1835 ab
661 1771 784 1834 inimicis
798 1771 944 1854 religionis
958 1771 1055 1834 multa
1069 1771 1208 1852 patiatur,
1229 1769 1320 1834 hilari
1337 1779 1439 1834 tamen

262 1879 359 1946 animo
383 1881 522 1962 perdurat
543 1879 573 1942 in
596 1877 772 1942 muleasione
787 1878 896 1942 Christi
920 1887 950 1940 et
971 1879 1001 1940 in
1025 1878 1191 1942 ohedientia
1212 1888 1439 1960 praeceptorum

262 1988 333 2062 eins,
350 1987 442 2052 sciens
457 1985 513 2050 sibi
528 2005 666 2068 nagnam
681 1986 840 2048 mercedem
855 1983 1013 2066 repositam
1032 2003 1094 2046 esse
1108 1983 1139 2046 in
1154 1983 1248 2058 coelo;
1271 1985 1352 2047 hanc
1368 1984 1439 2046 'lae-
1509 1977 1510 2004 ³

266 2093 363 2156 titiam
378 2102 455 2156 recta
471 2091 602 2155 nominat
616 2095 775 2179 καὺχημα,
791 2092 868 2173 quod
883 2091 997 2174 proprie
1011 2101 1041 2154 ct
1055 2090 1197 2172 gloriatio,
1213 2089 1361 2178 gloriandi
1371 2111 1438 2153 ma-

265 2198 349 2262 teria.
365 2233 408 2246 ·-·
426 2205 517 2286 μέχρι
533 2200 642 2272 τέλους
660 2199 793 2262 denotat:
810 2219 900 2282 usqne
923 2199 1072 2271 adfinem,
1088 2197 1148 2260 scil.
1172 2197 1260 2271 vitae,
1283 2218 1380 2279 usque
1401 2199 1439 2260 ad

265 2313 404 2388 mortem3
420 2324 478 2388 quo
493 2325 578 2368 muru
594 2305 801 2370 hacosornrnla
816 2305 905 2368 etiarn
915 2304 990 2368 inira
1000 2301 1069 2390 (Vl.
1089 2302 1153 2391 11.)
1170 2313 1200 2368 et
1215 2303 1292 2368 elias
1309 2304 1339 2367 in
1356 2306 1397 2368 N.
1405 2307 1439 2368 T.

265 2394 387 2494 regitur)

673 2551 1023 2635 Paraphrasis.

698 2693 1000 2775 capiunt-6.

354 2837 429 2902 Cum
445 2855 511 2920 crgo
527 2837 661 2900 Christus
675 2835 834 2900 misericors
849 2857 883 2902 ac
897 2836 991 2900 fidelis
1006 2836 1045 2900 sit
1069 2837 1207 2920 pontifex,
1229 2847 1343 2900 attente
1368 2859 1437 2902 con-

265 2947 389 3010 siderate
411 2955 441 3007 et
465 2944 641 3026 perpendite,
662 2946 766 3006 fratres
794 2943 952 3018 christiani,
981 2944 1100 3008 coelitus
1123 2946 1162 3008 ad
1183 2944 1308 3008 salutern
1331 2947 1438 3020 vocati,

265 3050 365 3134 qualis
375 3061 405 3113 ct
414 3059 542 3134 quantus
551 3049 649 3114 sitille
659 3050 897 3134 legatusdivinns
912 3061 941 3114 et
950 3050 1081 3133 pontifex
1091 3070 1230 3126 summus,
1245 3051 1447 3134 Jesuaqnem·

266 3159 445 3242 profitemur,
461 3157 510 3241 qni
525 3159 601 3222 fidus
615 3167 658 3220 est
674 3159 748 3232 Deo,
770 3158 819 3240 qui
834 3157 931 3240 ipsum
953 3155 1111 3230 constituit,
1133 3157 1207 3220 sicut
1227 3167 1257 3218 et
1272 3158 1393 3240 Moyses
1408 3159 1436 3220 in

264 3265 399 3330 universa
414 3263 528 3328 familia
542 3264 711 3340 Israelitica,
726 3266 789 3328 Deo
804 3283 895 3340 secra,
917 3266 1008 3328 fidum
1024 3285 1055 3326 sc
1077 3264 1230 3346 praestitit.
1260 3264 1374 3338 Jesnm,
1390 3266 1436 3328 in-

267 3392 366 3456 quam,
381 3381 493 3435 attente
508 3373 701 3450 considerate3
723 3392 756 3434 eo
778 3371 879 3433 maiori
902 3370 979 3440 enim
991 3387 1073 3454 '‘prae
1092 3373 1196 3454 Moyse
1212 3373 1319 3452 gaudet
1340 3372 1436 3453 digni-

265 3489 336 3555 tate,
367 3490 476 3564 quanto
505 3480 643 3544 maiorem
672 3498 761 3560 quom
783 3477 896 3540 familia
923 3476 1094 3559 dignitatem
1116 3479 1209 3540 habet
1235 3476 1269 3552 is,
1298 3478 1349 3560 qni
1371 3499 1435 3542 eam

264 3585 400 3655 condidit.
431 3585 535 3650 Omnis
551 3586 628 3649 enim
643 3583 756 3648 familie
777 3604 861 3647 suum
878 3585 968 3647 hahet
990 3584 1181 3662 oonditorem;
1203 3585 1254 3646 sed
1272 3585 1322 3666 qui
1338 3585 1436 3648 omnia

265 3693 399 3770 condidit,
415 3695 495 3757 Deus
520 3703 580 3770 est;
603 3702 651 3754 ast
666 3690 735 3774 quia
749 3693 829 3754 Deus
851 3691 949 3754 omnia
973 3710 1025 3772 per
1039 3690 1148 3753 Filium
1169 3699 1312 3771 operatur,
1336 3693 1433 3774 utique

264 3802 353 3866 etiam
369 3801 511 3864 familiam
534 3797 726 3863 israeliticam
747 3817 799 3880 per
820 3798 929 3861 Filium
951 3797 1084 3861 condidit.
1117 3796 1163 3860 Ac
1178 3798 1296 3879 Moyses
1317 3797 1433 3879 quidem

264 3911 294 3972 in
309 3919 373 3973 tota
387 3909 500 3970 familie
512 3907 570 3982 Dei
585 3907 709 3988 regenda
724 3905 840 3968 fidelem
856 3926 886 3968 se
902 3905 1057 3990 praestitit,
1073 3915 1214 3986 tanquam
1228 3903 1361 3968 minister
1369 3925 1433 3968 enm

263 4017 293 4079 in
309 4017 394 4079 finem
418 4015 599 4088 constitutus,
622 4023 655 4076 ut
677 4014 790 4076 decreta
811 4013 911 4076 divina
933 4011 1040 4094 populo
1064 4011 1276 4093 promulgarem
1301 4011 1431 4074 Christro

264 4142 331 4186 vero
346 4123 460 4192 fidelem
476 4141 507 4182 se
522 4103 668 4202 praestitit
683 4129 824 4201 tanquam
839 4119 917 4183 filins
926 4118 1055 4181 familiae
1070 4117 1339 4200 susepreepositus,
1354 4119 1432 4181 cuins

263 4229 379 4292 familia
394 4247 494 4290 sumus
509 4246 570 4301 nos,
588 4225 612 4288 si
627 4226 763 4290 fiduciam
778 4227 809 4288 in
824 4227 973 4290 Christum
989 4234 1019 4287 et
1034 4225 1179 4287 laetitiam
1194 4224 1255 4305 spei
1270 4225 1375 4287 salutis
1383 4226 1431 4287 fir·

263 4353 343 4400 mam
358 4345 388 4395 et
402 4343 584 4400 constantem
599 4335 801 4400 retinuerimus
817 4355 906 4419 usqne
930 4335 970 4396 ad
991 4343 1137 4397 terrenum
1159 4317 1291 4403 nostrum
1311 4331 1426 4398 exitum.
