3064 4894
312 387 372 450 ιρι)
729 387 853 448 expo-rso
872 386 947 434 vrn.
968 385 992 434 r.
1012 385 1037 432 2.

307 561 430 642 penatis
445 561 577 624 victimas
599 563 713 635 offerre3
739 563 767 623 id
790 563 867 623 enim
890 565 981 623 semel
1004 564 1081 634 feeit,
1104 582 1189 623 suam
1210 563 1357 623 offerendo
1378 561 1470 622 vitam.

306 667 369 730 [ex
384 667 461 730 enim
477 668 606 730 Mosaim
622 667 770 747 pontitioes
785 669 937 730 mustitnit
951 669 1078 751 penatis
1093 668 1236 729 obnoxios
1241 689 1250 742 ;
1274 669 1396 729 effatum
1411 686 1471 727 vero

305 773 359 834 Dei
375 773 424 835 din
441 787 506 854 post
522 773 614 854 legem
631 774 723 834 latam
738 773 921 836 iureiurando
936 777 1139 838 oontirmatnm
1154 775 1265 835 fitium
1280 793 1401 835 summa
1414 773 1471 852 dig-

303 879 394 942 nitate
409 889 439 940 et
462 880 602 942 beatitate
617 880 801 961 oonspionnm
817 891 968 943 aeternnm
982 883 1133 944 oonstitnit
1147 882 1325 961 pontifioem.

300 1091 334 1156 Β,
357 1090 533 1154 Christos
556 1093 823 1172 praestantior
844 1105 903 1156 est
931 1095 1210 1156 sacerdotibus
1233 1094 1276 1156 V.
1298 1095 1337 1159 F.
1362 1094 1471 1156 sacri-

299 1197 390 1260 sioio
405 1217 485 1270 sno;
502 1217 580 1260 nam
596 1199 837 1261 sacrificinm
852 1203 898 1262 ab
913 1201 997 1281 ipso
1011 1201 1042 1264 in
1057 1219 1158 1262 eruce
1177 1179 1358 1261 oblatum
1375 1220 1471 1280 qnam

477 1305 638 1366 maxime
652 1317 813 1386 superat
827 1306 1028 1370 saorifioia
1042 1307 1082 1369 V.
1099 1308 1132 1367 F.
1149 1305 1290 1386 typica

693 1445 765 1528 oap.
781 1447 868 1513 vm.
887 1449 1001 1513 n-rn
1021 1445 1079 1514 18.'

800 1633 912 1689 Sentio
938 1635 965 1688 1.

296 1765 1471 1830 Christnsinsanctuarioooetesticontinnosunmotfertsa-
1518 1749 1519 1810 Ῠ

781 1873 979 1939 orificium.

734 2016 804 2098 Cap.
822 2016 907 2078 VIII.
928 2019 1023 2084 1-5.

383 2159 441 2224 Vr.
463 2161 487 2222 1.
504 2159 533 2223 2.
552 2157 591 2220 Ut
606 2158 756 2238 apostotus
773 2176 856 2240 porro
871 2161 1056 2230 demonstret,
1073 2157 1221 2220 Christum
1238 2158 1352 2220 ratione
1379 2161 1473 2241 digni-

296 2263 367 2326 tatis
381 2274 412 2326 et
426 2263 512 2326 oitioii
527 2265 704 2326 Judaeomm
727 2265 910 2344 pontificibus
927 2266 1010 2345 longe
1032 2264 1274 2345 praestantiorem
1298 2284 1377 2337 esse,
1402 2287 1474 2347 quae
1518 2311 1519 2348 γ

293 2371 418 2433 breviter
433 2381 501 2432 ante
518 2370 593 2456 (cap.
604 2389 697 2452 praec.
714 2392 741 2436 v.
757 2373 809 2439 24,
824 2370 928 2452 et25.)
944 2373 1090 2452 attigerat,
1108 2391 1212 2452 nempe
1235 2390 1302 2432 enm
1319 2383 1473 2455 perpetuo
1518 2355 1519 2440 Ξ

292 2478 449 2540 saoerdotio
463 2477 493 2539 in
510 2477 589 2542 ooeto
605 2478 691 2558 fungi,
716 2498 791 2544 nuno
805 2478 947 2558 eopiosins
971 2487 1139 2558 pertractat.
1170 2477 1252 2539 Siout
1275 2477 1358 2538 eninr
1396 2481 1475 2560 apud

294 2584 423 2646 Judaeos
438 2585 552 2644 duabus
568 2583 695 2646 maxime
711 2587 796 2646 rebus
811 2584 942 2664 occupati
959 2593 1043 2645 erant
1059 2584 1207 2664 pontifices
1223 2583 1340 2656 summi,
1369 2606 1476 2666 nempe

290 2689 434 2752 sacrificiis
448 2707 501 2771 pro
516 2692 640 2770 puocatis
658 2690 808 2752 hominnm
824 2690 975 2752 offerendis
997 2700 1086 2771 atque
1111 2690 1312 2753 interoessione
1337 2710 1397 2771 pro
1423 2714 1476 2775 po

290 2797 368 2877 pulo,
383 2797 426 2858 ita
440 2798 513 2858 haee
528 2808 649 2877 utraque
668 2815 735 2877 pars
751 2797 839 2860 etiam
862 2799 901 2858 ad
916 2797 1094 2858 sacerdotale
1117 2795 1224 2858 Christi
1245 2795 1381 2858 officinm
1411 2818 1472 2879 per-

292 2902 379 2978 tinet3
395 2903 594 2983 pontificatum
611 2922 696 2966 suum
711 2903 859 2966 inchoavit
874 2903 903 2964 in
919 2913 1004 2976 terra,
1027 2923 1114 2984 seque
1138 2913 1171 2964 nt
1194 2901 1348 2964 victimam
1368 2906 1472 2985 piacu-

293 3009 384 3070 larem
401 3027 452 3090 pro
469 3008 552 3072 nobis
566 3009 598 3071 in
615 3019 736 3072 mortem
752 3010 886 3084 tradidit3
902 3011 952 3072 sed
974 3030 990 3069 e
1014 3016 1110 3070 morte
1128 3009 1317 3071 resuscitatus
1340 3011 1478 3074 alterum

290 3115 436 3194 negotium
452 3117 630 3178 saoerdotate
647 3117 781 3180 continuo
795 3118 870 3198 gerit
884 3126 915 3178 et
929 3117 1098 3196 sangninem
1117 3115 1238 3177 effusum
1254 3116 1319 3175 Deo
1336 3116 1432 3180 Patri
1450 3120 1477 3180 in

290 3221 368 3283 ooelo
382 3230 523 3303 tanquam
539 3243 652 3286 summo
668 3224 832 3286 sanctuario
848 3224 938 3287 offert,
1042 3289 1044 3294 ,

379 3348 405 3394 ν.
426 3331 453 3393 1.
470 3327 648 3417 Κεφάλαιον
665 3334 698 3397 δέ
713 3330 762 3397 ἐπὶ
777 3343 839 3404 τοῖς
856 3335 1039 3416 λεγομένοις·
1069 3340 1204 3394 τοιοῦτον
1219 3328 1334 3415 ἔχομεν
1362 3329 1479 3420 ἀρχιε-
1518 3329 1519 3376 t

290 3443 353 3521 ρέα,
369 3437 404 3510 ὃς
420 3435 564 3504 ἐκάθισεν
579 3437 611 3503 έν
627 3439 708 3524 δεξιᾷ
723 3449 776 3504 τοῦ
791 3442 906 3522 θρόνου
923 3449 977 3524 τῆς
995 3438 1211 3522 μεγαλωοονης
1234 3433 1264 3499 ἐν
1287 3447 1358 3510 τοῖς
1378 3435 1478 3524 οὖρα-

288 3554 357 3618 νοῐς,
373 3577 418 3590 -
432 3548 602 3631 κεφάλαιον
619 3547 646 3607 h.
664 3546 682 3607 t.
699 3549 834 3608 denotat:
851 3562 912 3606 rem
921 3542 1120 3624 principalem,
1129 3541 1167 3614 id,
1178 3542 1254 3622 qnod
1264 3543 1479 3626 praecipuum.

289 3650 458 3732 primarium
472 3662 525 3716 est.
602 3653 717 3716 Verba:
741 3652 789 3719 ἐπὶ
805 3663 867 3726 τοῖς
890 3653 1066 3736 λεγομένοις
1087 3669 1146 3711 non
1168 3657 1235 3710 sunt
1259 3650 1424 3713 referenda
1442 3653 1479 3712 ad

285 3779 328 3834 ea,
344 3764 419 3840 quae
434 3759 585 3840 hucusque
601 3761 679 3830 diota
696 3769 779 3834 suunt,v
790 3758 873 3842 (nam
896 3777 971 3840 quae
997 3764 1164 3836 sequuntur,
1188 3774 1243 3816 non
1259 3757 1479 3834 repetitionem

286 3866 429 3930 dictorum
444 3866 600 3940 eontinent,
624 3870 675 3930 sed
698 3889 774 3950 quae
797 3875 883 3928 antea
901 3863 1003 3926 leviter
1025 3861 1163 3942 attigerat
1190 3871 1298 3932 auctor,
1323 3882 1410 3925 nunc
1429 3885 1478 3925 oo-

285 3971 394 4054 piosins
412 3981 593 4053 pertractat),
609 3977 659 4037 sed
674 3977 712 4037 ad
728 3996 772 4049 aa,
796 3991 871 4054 quae
887 3991 962 4034 nuno
976 3969 1117 4042 dicentum
1143 3987 1244 4028 sensus
1266 3966 1398 4046 proinde
1415 3979 1478 4031 est:
1518 3995 1519 4000 ι

286 4079 474 4162 praecipuum
490 4100 597 4156 eorum,
613 4103 688 4163 quae
703 4082 841 4156 dioimus;
858 4079 922 4139 vel:
939 4075 1126 4158 praecipuum
1142 4071 1333 4154 expositionis
1350 4086 1478 4137 nostrae

286 4198 345 4263 est;
362 4195 415 4248 eto.
434 4221 473 4234 -·-
491 4189 615 4253 Verbis:
631 4201 765 4258 τοιοῦτον
782 4189 893 4275 ἔχομεν
916 4184 1062 4271 ἀρχιερέα
1085 4205 1113 4245 a.
1130 4207 1153 4246 τ.
1170 4181 1198 4243 λ.
1221 4178 1341 4259 respicit
1369 4192 1479 4242 auctor

285 4308 322 4367 ad
339 4293 430 4369 verba
445 4295 551 4374 psalmi
568 4297 649 4383 OX5:
667 4296 792 4373 ,κάθοο
808 4293 845 4360 ἐν
861 4293 962 4368 δεξιῶν
979 4296 1068 4376 poo“.

372 4431 401 4476 v,
418 4402 447 4465 2.
463 4415 519 4467 τῶν
536 4402 627 4486 ἁγίων
644 4407 817 4487 λειτουργὸς
834 4403 950 4486 καὶτῆς
967 4407 1081 4484 σκηνῆς
1092 4407 1145 4483 τῆς
1155 4392 1320 4481 ἀληθινῆς,
1331 4395 1373 4482 ἣν
1391 4395 1477 4478 ἔπη·
