3094 4892
266 313 312 384 54
609 309 698 370 expe.
716 307 750 358 n
768 306 812 364 τι
830 305 945 372 papst.
963 303 998 356 11.
1018 302 1094 353 1-4.

356 508 384 548 v.
404 490 437 554 θ.
460 483 497 552 Εἰ
514 491 572 572 γὰρ
594 485 611 552 d
635 481 673 551 δι’
692 483 828 569 &utimr
848 486 1001 570 λαληθεὶς
1029 481 1122 566 λόγος
1153 483 1271 565 ἐγένετο
1305 478 1450 560 βέβαιος,

267 599 320 662 καί
334 607 417 662 πᾶσα
432 597 601 678 παράβασις
616 599 669 658 καὶ
684 597 826 679 παρακοὴ
841 591 952 674 ἔλαβεν
967 591 1082 656 ἔνδικον
1099 596 1360 678 μισθαποδοσίαν,

357 721 385 762 ν.
396 703 425 766 3.
434 713 498 774 πῶς
514 699 600 789 ἡμεῖς
616 699 836 786 ἐκφευξόμεθα
852 699 1038 784 τηλικαυπης
1054 696 1261 786 ἀμελήσαντες
1271 709 1449 788 σωτηρίας

267 807 334 897 ἥτις
348 805 449 894 ἀρχὴν
472 808 611 889 λαβοῦσα
632 807 797 872 λαλεῖσθαι
812 806 862 870 διὰ
877 813 930 869 τοῦ
953 808 1067 890 κυρίου,
1083 800 1140 870 ὑπὸ
1163 818 1220 872 των
1242 807 1449 875 ἀκουσάντων

268 911 310 988 sle
318 912 400 1002 ἡμᾶς
410 911 595 997 ίβεβαιόιθη,
604 947 647 956 -
659 913 693 972 ln
704 911 750 972 bis
759 913 873 972 duobus
884 910 1015 972 versibus
1024 921 1176 992 eomparat
1185 914 1341 994 apostolus
1351 915 1449 995 legem

269 1019 308 1082 A„
323 1019 358 1080 T.
373 1037 438 1081 num
455 1018 517 1098 lege
532 1016 641 1080 Christi
656 1027 737 1080 etex
753 1017 901 1098 utriusque
916 1015 1077 1080 differentia
1091 1017 1133 1080 sie
1148 1018 1312 1082 concludit:
1337 1021 1364 1081 si
1386 1021 1448 1082 iam

270 1127 392 1188 verbum
406 1123 590 1188 revelationis
610 1126 651 1188 V.
666 1123 700 1186 Τ.
717 1121 912 1184 mediantibus
932 1123 1044 1204 angelis
1065 1125 1160 1186 foetae
1182 1134 1318 1187 senotnm
1343 1126 1404 1188 fuit
1419 1135 1449 1186 et

271 1230 448 1304 inviolabile,
464 1229 507 1292 ito
521 1239 555 1292 ut
568 1231 609 1292 ab
624 1247 658 1292 eo
673 1229 836 1292 definientes
850 1246 948 1292 severe
962 1228 1140 1310 punirentur,
1161 1230 1220 1294 imo
1246 1230 1350 1293 mortis
1367 1241 1448 1292 tem-

271 1336 379 1418 poralis
394 1335 535 1418 supplioio
549 1336 730 1400 nffioenntur
746 1333 788 1420 (v.
803 1332 855 1418 2.),
870 1355 1016 1418 quaenam
1039 1355 1133 1418 poena
1147 1336 1279 1400 manebit
1292 1337 1373 1410 illos,
1396 1337 1446 1418 qui

269 1442 394 1506 salntem
418 1443 584 1506 immediate
606 1444 646 1504 ab
671 1443 736 1524 ipso
757 1442 812 1506 Dei
835 1441 911 1505 lilio
932 1443 1064 1506 oblatam
1087 1445 1242 1524 spernunt!
1267 1441 1310 1528 (ν.
1327 1442 1385 1529 3.).
1401 1479 1445 1490 -·-

272 1543 344 1614 ὁδι’
359 1546 497 1631 &ullor
519 1551 673 1635 λαληθεὶς
694 1549 788 1630 λόγος
809 1548 940 1630 designet
961 1550 990 1610 ln.
1014 1549 1032 1610 l.
1056 1550 1148 1630 legem
1173 1549 1345 1622 Mosaimm,
1368 1570 1446 1630 qnae

274 1654 469 1718 mediantibus
484 1655 596 1736 angelis
610 1657 689 1720 faeta
704 1675 766 1718 esse
787 1654 817 1716 in
832 1675 877 1736 ep.
893 1656 931 1716 ad
954 1653 1034 1716 Gall.
1051 1657 1105 1718 111.
1131 1659 1180 1722 19.
1196 1666 1227 1716 et
1240 1655 1270 1718 in
1285 1655 1356 1720 Aot.
1372 1655 1445 1717 VH.

271 1763 324 1829 53.
340 1761 501 1824 asseritur:
517 1763 615 1826 Vetus
629 1761 707 1824 enim
722 1769 786 1822 eret
800 1760 979 1824 Judaoorum
993 1761 1119 1836 traditio,
1142 1761 1170 1824 iu
1186 1770 1284 1824 monte
1299 1760 1445 1824 Sinaitioo

269 1887 335 1932 oum
351 1869 414 1930 Deo
428 1868 547 1949 angelos
561 1866 688 1930 adfuisse
703 1867 854 1948 legemque
869 1884 920 1948 per
935 1866 1000 1929 iilos
1016 1868 1109 1930 latam
1124 1888 1186 1930 esse
1201 1867 1304 1952 (Josef.
1315 1867 1442 1948 Antiqq.

275 1973 323 2041 lb.
339 1974 369 2040 ὃ.
385 1971 441 2053 3.).
457 2009 500 2020 -
515 1974 580 2035 Lex
594 1971 726 2038 Mosaios
742 1971 846 2035 dieitur
855 1975 986 2056 βίβαιος,
1001 1973 1070 2054 quie
1079 1975 1159 2036 Deus
1168 1992 1219 2056 per
1228 1993 1338 2054 poenas
1347 1972 1443 2054 legem

270 2078 451 2141 violantibus
466 2079 592 2140 inlliotas
614 2097 680 2140 eam
701 2088 800 2142 ratam
822 2077 898 2152 feeit,
920 2078 982 2140 eius
1004 2080 1205 2160 anctoritatem
1227 2078 1383 2146 stabilivit.
1398 2115 1442 2126 —

269 2184 456 2247 Vocabulum
472 2185 698 2271 μισθαποδοσία
713 2195 830 2266 praeter
845 2186 923 2248 buno
937 2185 1031 2247 locum
1049 2183 1143 2270 (etX.
1154 2163 1221 2260 βίος
1237 2185 1295 2247 XI.
1311 2186 1374 2258 26„
1392 2185 1441 2247 ubi

270 2292 306 2352 de
322 2289 450 2371 praemio
465 2287 599 2375 ooonrrit)
616 2289 723 2353 nullibi
738 2291 768 2352 in
784 2290 874 2364 libris,
889 2291 928 2352 N.
943 2291 978 2352 T.
994 2311 1046 2354 neo
1060 2294 1138 2372 apud
1154 2293 1305 2373 scriptores
1324 2309 1442 2372 graecos

274 2393 385 2477 legitur.
403 2431 444 2440 -
461 2400 595 2483 σωτηρία
609 2397 729 2459 denotat
743 2397 772 2458 ln.
788 2396 808 2460 l.
830 2397 1021 2479 metonymioe
1042 2397 1202 2460 doctrinam
1225 2395 1343 2471 Christi,
1365 2417 1441 2478 qnae

272 2501 359 2583 longe
373 2501 491 2566 maioris
499 2501 646 2564 ielioitotis
654 2501 857 2583 promissiones
864 2503 999 2576 eontinet,
1008 2523 1096 2584 qnam
1106 2504 1155 2568 lex
1163 2513 1248 2566 vetus
1256 2503 1440 2577 eontinebat;

271 2618 423 2690 propterea
444 2607 513 2671 dioit
534 2607 698 2689 apostolus:
720 2611 903 2696 τολικαίιτης
932 2615 1090 2697 σωτηρίας.
1114 2643 1153 2656 -·
1179 2609 1313 2674 Phrssis:
1336 2609 1439 2697 ἀρχὴν

271 2717 435 2799 λαμβάνειν
449 2715 603 2795 respondet
618 2713 789 2775 latinorum:
807 2713 921 2776 initium
938 2734 1047 2796 cepere.
1060 2755 1091 2766 -
1111 2716 1281 2779 Formulam
1298 2713 1340 2789 τίς
1355 2715 1438 2802 ἡμᾶς

270 2819 445 2908 ἐβεβαιώθη
466 2807 529 2882 e'sse
556 2828 765 2901 praegnantem
789 2819 962 2884 locutionem
984 2831 1015 2884 et
1035 2821 1253 2903 explicandam:
1276 2820 1375 2909 ἦλθεν
1397 2831 1438 2893 εἰς

269 2924 352 3014 ηρας
362 2929 491 3010 βεβαίως
501 2931 554 2992 καί
568 2937 679 3000 πιστῶς
688 2935 844 3006 praeeunte
855 2926 1082 3010 weoptylaoro
1091 2937 1257 2990 statuerunt
1265 2927 1438 3006 interpretes

269 3029 411 3113 optimi.¹)
434 3067 475 3078 -
492 3031 556 3094 lPer
577 3030 762 3108 ἀκοίισανττς
784 3041 852 3094 sunt
873 3032 998 3113 apostoli
1022 3032 1210 3114 intelligendi.
1237 3068 1277 3080 -
1300 3031 1436 3094 Ceterum

269 3138 376 3200 videa.
393 3139 422 3200 b.
437 3157 465 3204 v.
481 3158 547 3219 pag.
563 3141 593 3204 9.
608 3139 637 3200 b.

359 3264 386 3310 ι’.
401 3246 431 3310 4.
448 3253 772 3331 συνεπιμαρτυροῦντος
780 3254 834 3312 τοῦ
844 3241 921 3312 Θεοί)
932 3250 1067 3331 σημείοις
1082 3249 1286 3330 τεκαίτὲρασι
1300 3247 1354 3312 καὶ
1368 3265 1434 3308 ποι-

268 3355 370 3425 κίλοις
385 3353 526 3438 δυνάμεσι
540 3355 593 3418 καί
612 3355 779 3437 πνευματος
801 3348 887 3432 ἁγίου
904 3361 1068 3438 μερισμοῖς,
1089 3355 1170 3418 κατὰ
1193 3357 1246 3440 τὴν
1268 3346 1361 3418 αὑτοῦ
1377 3353 1434 3414 θὲ-

270 3460 367 3544 λησιν.
376 3495 420 3504 -
430 3459 494 3521 Ηοο
508 3457 539 3520 in
553 3475 639 3520 versu
648 3456 876 3538 dieitapostolus
885 3456 1156 3520 doetrinamalllie
1165 3457 1221 3520 Dei
1236 3456 1434 3537 praedieatam

269 3582 322 3648 per
336 3565 431 3627 Deum
447 3564 675 3646 omnipotentem
684 3564 882 3626 confirmatam
900 3584 961 3625 esse
970 3562 1059 3644 signis
1074 3573 1103 3624 et
1111 3563 1268 3624 virtutibus
1276 3562 1371 3626 omnis
1385 3582 1433 3642 ge-

268 3671 353 3745 neris,
368 3669 411 3734 ita
426 3681 467 3744 ut,
483 3671 532 3754 qui
548 3673 587 3732 eb
603 3691 638 3734 ea
658 3671 819 3742 defluerent,
840 3669 929 3732 etiam
949 3671 1044 3732 Deum
1069 3669 1297 3750 omnipotentem
1318 3679 1349 3732 et
1364 3667 1432 3748 Spi-

268 3780 357 3843 ritum
372 3799 397 3842 s.
412 3786 586 3859 spernerent.
602 3812 646 3824 -
660 3778 794 3840 Verbum
810 3785 1069 3860 συνεπιμαρτυρεῖν
1084 3775 1114 3836 in
1124 3774 1207 3836 libris
1215 3775 1344 3855 profanis
1354 3775 1431 3836 haud

267 3887 432 3966 infrequens
448 3884 477 3946 iu
493 3883 531 3946 N.
547 3883 582 3943 T.
598 3891 642 3943 est
657 3879 737 3955 ἅπαξ
754 3883 915 3966 λεγόμενον
937 3889 968 3940 et
988 3882 1135 3944 eommode
1158 3880 1207 3944 hio
1227 3880 1307 3944 reddi
1322 3890 1431 3962 potest:

271 3991 359 4056 simul
374 3987 562 4054 eonfirmavit.
579 4022 620 4034 -
637 3988 673 4048 In
687 3979 784 4047 uerbis
807 3989 950 4072 σημείοις,
972 3993 1075 4072 τέρασι
1097 3995 1127 4048 et
1148 3988 1289 4073 δυνάμεσι
1310 4007 1369 4050 non
1390 3997 1431 4048 est
1514 4019 1515 4037 .

267 4098 473 4180 augurandum,
488 4096 539 4156 sed
554 4090 698 4155 voeabula
712 4090 789 4152 idem
805 4090 982 4154 declarantia
997 4092 1147 4156 eoniuneto
1166 4103 1234 4156 sunt
1248 4094 1287 4154 ad
1301 4092 1430 4156 indieau-

359 4319 445 4385 μοι.
471 4317 555 4372 nm
572 4319 683 4370 onum.
702 4318 769 4372 ιω.
788 4311 980 4371 assason.
1106 4271 1109 4277 ’

847 4585 851 4592 ’
871 4597 904 4670 l.

893 4691 910 4777 x.
