3096 4886
388 356 514 420 Expositio
531 353 589 408 XII,
611 351 669 416 13.;
688 359 801 424 parapho.
821 353 879 410 XII.
899 355 995 410 1-13.
1211 355 1274 428 207

198 558 227 600 ν.
246 539 295 606 13.
311 541 363 603 ναὶ
386 539 513 624 τροχιὰς
535 535 635 622 ὀρθὰς
657 545 801 625 ποιήσατε
815 549 878 614 τοῖς
902 543 987 604 ποσὶν
1002 535 1093 626 ὁρῶν,
1113 537 1163 606 ἵνα
1186 545 1277 630 μὴτὸ

109 645 214 730 χωλὸν
230 643 376 731 ἐντραπῇ,
390 641 468 730 ἰαθῇ
485 647 517 708 δὲ
534 647 663 730 μᾶλλον.
678 681 723 692 -
738 645 935 726 Disputationi
951 647 986 707 de
1001 645 1202 708 calamitatum
1218 646 1279 708 uti-

107 749 193 811 litate
203 750 331 812 adnectit
340 751 490 832 apostolus
498 754 664 834 repetitam
674 751 798 833 adsidet
807 755 1016 816 emanatione
1025 753 1276 817 cohortationem.

108 889 150 902 ο
169 857 223 930 διό,
239 855 308 938 quia
329 866 389 919 tam
412 856 572 918 salutarem
594 858 719 919 fructum
741 858 885 919 malorum
907 858 1040 920 toleratio
1062 859 1185 940 fideique
1207 879 1278 921 oon-

109 963 221 1024 stautia
236 963 321 1045 parit.
339 999 378 1009 —
396 963 519 1025 Verbis:
536 968 591 1037 τὰς
606 970 787 1052 παρειμένας
802 976 907 1052 χεῖρας
922 969 975 1030 καὶ
990 969 1028 1031 τὰ
1042 967 1278 1052 παραλελυμένοι

111 1075 224 1152 γόνατα
241 1067 440 1155 ἀνορθώσατε
455 1069 561 1132 alludit
575 1071 772 1150 apostolusad
789 1071 883 1133 locum
899 1071 963 1136 Joa.
980 1071 1133 1152 (XXXV.
1149 1069 1202 1155 3.),
1227 1071 1277 1133 ubi

110 1177 256 1257 propheta
271 1177 435 1258 populares,
451 1175 600 1238 Israelitas
625 1177 733 1252 exules,
756 1177 840 1258 erigit
861 1187 892 1239 et
913 1178 1077 1240 consolatur
1098 1177 1145 1240 his
1166 1177 1277 1239 verbis:

110 1279 311 1369 ‚Gonsmtote
324 1303 441 1345 monna
455 1281 621 1344 dissolutae
636 1291 774 1364 οίροιιαα
788 1282 1080 1358 debiltaroboratc,‘
1097 1304 1171 1366 quae
1187 1285 1276 1345 verba

108 1387 199 1450 etiam
223 1388 298 1450 alias
320 1387 395 1473 (sir.
420 1389 526 1451 XXV.
543 1392 611 1467 234
634 1391 682 1453 cfr.
705 1389 802 1452 Dent.
824 1389 964 1455 XXXII.
988 1389 1054 1473 36.)
1075 1400 1233 1464 occurrunt,
1249 1401 1279 1451 et

108 1493 236 1558 solennis
252 1504 335 1556 eraut
349 1495 527 1576 Judaeisque
542 1495 653 1578 usitata
670 1495 815 1558 excitatio.
852 1497 986 1577 Integrae
1007 1505 1107 1558 autem
1122 1495 1277 1559 formulae:

110 1621 215 1663 manus
230 1599 368 1663 remissae
383 1611 413 1663 et
427 1621 522 1682 genua
536 1602 686 1676 dissoluta,
702 1601 845 1664 Hebraeis
860 1601 957 1682 imago
981 1609 1050 1664 suut
1072 1601 1162 1665 animi
1186 1601 1278 1675 fracti,
1313 1623 1315 1628 ·

110 1707 217 1770 mentis
226 1727 277 1789 spe
287 1707 451 1771 destitutae.
465 1745 478 1754 -
514 1707 667 1794 ἀνορθοῦν
677 1709 706 1770 h.
717 1709 736 1769 l.
747 1715 847 1770 notat:
863 1707 997 1768 attollere
1012 1705 1040 1768 in
1051 1707 1162 1785 altum3
1178 1727 1279 1770 seusus

112 1823 212 1876 autem
228 1813 340 1876 ratione
357 1813 474 1876 habita:
497 1813 612 1877 mittere
633 1813 723 1876 animi
739 1813 914 1896 languorem,
936 1829 1073 1874 renovare
1088 1812 1216 1876 studium
1231 1831 1279 1876 rs-

110 1921 240 1983 missum.
250 1919 426 1982 —Verbis:
442 1924 494 1985 ιιαὶ
509 1925 637 2009 τροχιὰς
647 1917 747 2006 ὀρθὰς
762 1927 905 2006 ποιήσατε
922 1929 983 1994 τοῖς
999 1923 1084 1985 ποσὶν
1101 1915 1183 2006 ὑμῶν
1190 1916 1215 2004 ¹)
1231 1935 1278 1981 re-

109 2025 208 2110 spexit
222 2047 245 2091 s.
261 2035 362 2089 auctor
378 2025 472 2089 locum
483 2023 732 2112 proauitae),
749 2025 798 2088 ubi
808 2025 928 2107 legitur:
944 2022 1045 2110 ὀρθὰς
1060 2029 1188 2112 τροχιὰς
1203 2031 1279 2090 ποίει

109 2143 174 2207 σοῖς
189 2137 267 2198 ποσί.
287 2169 325 2178 -
344 2137 454 2220 τροχιά
476 2133 590 2216 proprie
613 2133 755 2215 significat
777 2142 858 2195 rotae
881 2131 1044 2213 vestigium,
1066 2131 1168 2194 deiude
1189 2131 1279 2194 etiam

109 2239 253 2313 semitam,
268 2239 357 2313 viam,
373 2248 406 2301 ut
422 2240 451 2302 h.
467 2240 487 2303 l.
506 2277 543 2286 --
563 2245 596 2306 τὸ
612 2241 716 2328 χωλόν
730 2241 910 2302 referendum
927 2241 1024 2301 estad
1039 2251 1200 2320 personam,
1225 2239 1280 2302 hoo

110 2365 212 2407 sensu:
228 2365 264 2406 ue
279 2344 318 2406 sit
332 2344 363 2407 in
379 2346 464 2408 vobis
477 2345 631 2428 quisquam
647 2346 775 2420 claudus,
800 2346 850 2428 qui
865 2345 986 2427 proinde
1007 2365 1065 2407 uon
1084 2355 1176 2408 rectos
1191 2345 1280 2408 faciat

111 2469 226 2532 gressm
241 2451 364 2532 pedibus
385 2452 453 2526 suis,
475 2455 525 2514 sed
548 2455 662 2515 aberret
684 2462 800 2515 erecta
814 2452 927 2514 semita.
957 2452 1060 2514 Mouet
1080 2473 1184 2536 nempe
1205 2473 1279 2533 apo-

109 2557 212 2631 stolus,
229 2567 262 2620 ut
271 2556 295 2619 si
305 2557 355 2640 qui
365 2557 439 2620 inter
448 2559 569 2622 lectores
584 2558 642 2621 sint
657 2559 860 2632 claudicantes,
875 2559 894 2621 i.
905 2579 928 2620 e.
944 2559 983 2621 ad
992 2558 1180 2622 delectionem
1196 2559 1278 2642 proni

109 2673 227 2746 propter
241 2662 419 2738 afflictiones,
435 2685 508 2746 quas
517 2663 583 2728 fidei
592 2685 681 2729 eausa
693 2663 890 2746 patiebantur,
905 2665 1005 2726 statim
1015 2663 1148 2727 adhibita
1157 2674 1280 2747 patema

108 2789 177 2834 cura
192 2788 243 2851 per
257 2769 468 2833 medicamenta
492 2771 646 2846 doctrinae,
667 2771 871 2835 consolationis
891 2781 979 2852 atque
1003 2771 1213 2834 exhortationis
1228 2791 1278 2832 sa-

108 2886 214 2939 nentur
222 2877 459 2952 etooulortentur‚
467 2899 503 2940 ue
510 2879 632 2960 neglecti
640 2877 1278 2962 longiusabdueauturetoorruautOEstias).

519 3057 867 3137 Paraphrasis.

484 3196 556 3279 Gap.
589 3197 662 3260 ΧΠ,
703 3216 751 3259 νν.
789 3198 905 3264 1-13.

198 3337 272 3402 (lum
288 3339 376 3420 igitur
390 3349 508 3402 tautum
523 3341 685 3402 habeamus
700 3359 804 3420 agmen
826 3338 985 3402 illustrium
1006 3341 1042 3403 de
1066 3339 1133 3402 fidei
1148 3338 1279 3424 potentia

109 3455 140 3508 et
154 3445 282 3508 utilitate
297 3446 425 3521 testium,
441 3443 490 3528 qui
506 3465 559 3508 nos
574 3445 701 3527 undique
715 3445 840 3528 sepiunt,
862 3445 1033 3510 abiiciamus
1048 3467 1067 3509 a
1088 3447 1171 3509 nobis
1193 3464 1280 3508 onera

108 3552 216 3626 omnia,
239 3562 270 3614 et
290 3553 460 3634 praesertim
482 3562 632 3634 peccatum
659 3573 711 3616 uos
733 3551 860 3634 nudique
882 3553 1061 3615 circumdans
1084 3563 1113 3614 et
1133 3555 1279 3625 seducens,
1318 3615 1320 3618 ,
1397 3571 1407 3578 ·

109 3658 236 3742 totisque
250 3658 362 3722 viribus
377 3677 524 3722 curramus
539 3679 604 3722 cum
620 3657 763 3740 patientia
778 3677 893 3722 cursum
908 3659 993 3722 nobis
1007 3659 1194 3742 propositum,
1211 3658 1279 3720 dili-

107 3774 208 3846 genter
223 3768 432 3847 perpendentes
446 3765 559 3840 ιῙοοιιιιι,
574 3765 640 3828 fidei
656 3776 771 3828 nostrae
792 3775 939 3828 auctorem
955 3775 985 3827 et
1010 3773 1279 3836 consummatorem,

108 3871 159 3954 qui
184 3871 289 3934 habita
311 3871 422 3934 ratione
443 3891 575 3934 summae
597 3870 744 3934 felicitatis
765 3871 821 3952 ipsi
842 3872 1008 3956 propositae
1030 3891 1087 3934 uou
1110 3870 1281 3932 detrectavit

108 3978 200 4042 crucis
215 3977 398 4060 supplicium,
414 3979 601 4060 ignominiam
616 3980 677 4040 eins
692 3989 885 4052 contemnens,
901 3988 931 4039 et
947 3988 1097 4060 propterea
1113 3979 1208 4059 quoad
1224 3998 1279 4040 ua-

108 4095 206 4148 turam
220 4105 305 4147 snam
321 4086 481 4148 humanam
496 4105 561 4148 oum
576 4086 638 4148 Deo
653 4085 805 4168 imperium
815 4084 975 4165 occupavit.
1007 4082 1192 4147 Considerate
1202 4085 1279 4146 euim

108 4191 172 4255 eius
186 4190 359 4273 dignitatem
374 4201 404 4254 et
418 4190 612 4266 sanctitatem,
627 4193 677 4274 qui
693 4193 784 4254 talem
799 4201 971 4272 tantamque
990 4193 1130 4254 adversus
1144 4211 1175 4254 se
1191 4209 1278 4274 repu-

201 4381 220 4456 ¹)
239 4383 289 4439 etr.
314 4373 399 4437 Wuodr
416 4385 528 4438 Graium.
546 4387 615 4439 Aua
633 4382 659 4437 7.
677 4383 715 4438 st
733 4383 796 4440 595.
