3096 4886
271 281 335 358 180
718 283 844 354 expanso
855 273 902 341 ir.
920 279 945 341 t.
964 285 991 340 a.

269 463 432 541 ὑπόστασις
446 475 476 529 et
491 467 621 554 ἔλεγχος
636 475 706 529 sunt
719 467 896 548 praedicata,
917 477 949 530 et
969 469 1091 530 verbum
1112 467 1191 534 ἔστιν
1206 475 1252 530 est
1264 465 1378 549 copule.
1397 499 1439 514 -·

269 573 326 636 Per
339 578 434 640 πίστιν
448 575 478 635 h.
494 573 514 637 b
530 593 587 635 non
602 572 779 654 significatur
794 573 899 636 fiducia
918 573 949 636 in
965 572 1074 636 Christi
1089 584 1181 637 morte
1196 573 1301 655 posite,
1322 594 1377 636 nee
1392 592 1441 636 re-

267 679 382 762 figionis
397 678 571 742 christianae
586 679 732 760 professio,
748 681 797 741 sed
810 679 904 742 latiori
914 679 1076 760 significatu
1089 681 1144 743 boc
1152 680 1328 743 vocabulum
1344 679 1439 742 sumi-

176 859 180 870 &
267 797 315 850 tur
329 785 380 860 ita,
396 796 430 848 ut
445 785 550 848 indicet
565 786 679 848 firmam
689 795 719 847 et
732 786 871 874 stabilem
884 786 1098 867 persuasionem
1108 805 1177 849 vera
1186 806 1257 860 esse,
1272 807 1348 868 quae
1357 787 1440 848 Deus

266 892 402 964 docuerit,
418 891 570 966 monuerit,
585 892 715 954 minatus
730 893 777 965 sit,
793 892 964 973 promiserit,
989 891 1085 974 qualis
1107 894 1178 955 fides
1200 901 1330 976 tempore
1346 893 1388 956 V.
1404 893 1438 957 T.

265 1001 360 1063 locum
375 999 489 1060 habuit
519 997 656 1079 Inprimis
672 1007 780 1072 autem,
797 1009 831 1060 ut
846 999 983 1080 exempla
1004 998 1034 1060 in
1056 999 1301 1080 subsequentibus
1323 1001 1439 1071 docent,

195 1133 200 1142 ·
266 1113 415 1190 spectetur
429 1105 501 1166 fides
515 1113 647 1186 respectu
661 1121 756 1166 rerum
771 1105 942 1180 futuramm,
958 1105 1029 1167 fides
1043 1105 1190 1187 promissis
1204 1105 1309 1168 divinis
1323 1104 1437 1178 habita,

267 1223 298 1276 et
312 1213 394 1276 laeta
409 1229 515 1286 eorum,
531 1230 606 1291 quae
621 1211 701 1272 Deus
716 1231 769 1273 nos
784 1230 899 1292 sperare
921 1211 1010 1285 iubet,
1032 1211 1219 1294 exspectatio.
1237 1248 1275 1260 —
1294 1217 1334 1279 τὰ
1349 1211 1437 1276 ἐλπι-

265 1325 374 1406 ζόμενα
390 1327 460 1381 sunt
474 1337 517 1392 ea,
533 1337 607 1400 quae
622 1319 751 1380 nondum
766 1329 931 1392 evenerunt,
953 1320 1004 1381 sed
1026 1320 1124 1382 futura
1145 1329 1227 1394 sunt3
1254 1323 1293 1384 τὰ
1311 1316 1346 1384 οὑ
1363 1322 1435 1404 βλε-

263 1432 387 1512 πόμενα,
403 1444 477 1506 quae
493 1444 550 1486 nou
565 1424 595 1486 in
610 1444 711 1487 sensus
725 1424 881 1487 iucurmnt.
897 1461 941 1472 -
956 1425 1026 1488 Vox
1041 1423 1202 1500 ὑπόστασις
1224 1425 1332 1507 triplici
1347 1446 1435 1488 sensu

266 1531 405 1608 oocunit3
420 1529 552 1612 designat
567 1530 643 1594 enim
660 1530 753 1612 primo
767 1533 977 1596 substantiam
992 1530 1055 1618 (cfr.
1071 1535 1093 1594 1.
1105 1528 1165 1617 3.);
1180 1531 1246 1594 dein
1261 1534 1434 1596 subsisten-

228 1659 232 1666 ’
266 1641 346 1702 tiam
362 1636 432 1724 (HL
451 1634 525 1722 14.),
547 1647 578 1698 et
598 1639 718 1699 tandem
740 1639 819 1718 apud
841 1635 943 1703 LXX.
967 1638 1097 1722 saepius:
1122 1639 1249 1706 sirmam
1269 1639 1434 1722 fiduciata,

263 1745 486 1826 correspondens
501 1744 582 1806 hebr.
599 1746 715 1838 ῃξρρρῆῃ
732 1753 762 1805 et
780 1768 875 1851 ῃρρῃ
899 1742 962 1830 (cfr.
978 1745 1082 1826 psalm.
1097 1743 1256 1810 XXXIX.
1278 1745 1318 1818 8.‚
1340 1745 1434 1809 Ruth.

262 1869 285 1930 1.
306 1869 376 1950 la).
407 1865 517 1930 Omnes
531 1875 590 1930 tres
605 1867 683 1931 vocis
698 1863 859 1944 ὑπόστασις
874 1868 1096 1950 significationes
1111 1869 1167 1932 hoe
1188 1868 1219 1930 in
1234 1886 1321 1930 versu
1345 1867 1433 1929 simul

263 1974 430 2040 retinendae
444 1983 514 2036 suut
528 1983 559 2036 et
573 1973 721 2062 collective
736 1985 850 2038 sumtae
870 1995 987 2038 sensum
1002 1973 1127 2038 auctoris
1149 1973 1346 2036 manifestant
1379 1974 1434 2035 Per

262 2082 352 2144 fidem
367 2079 476 2144 scilieet
484 2097 530 2142 res
539 2089 671 2162 speratas
680 2081 900 2162 prehendimus;
917 2081 1082 2156 fidesenim,
1098 2080 1233 2164 quamvis
1241 2098 1287 2142 res
1296 2090 1432 2162 speratae

263 2189 392 2250 noudum
407 2186 544 2260 existam,
559 2197 659 2250 tamen
674 2205 774 2250 earum
784 2187 970 2275 existentiam
979 2189 1192 2270 quodammodo
1207 2189 1237 2250 iu
1251 2187 1336 2249 nobis
1345 2187 1433 2250 efficit

262 2302 293 2356 et
306 2293 407 2374 gignit,
422 2303 452 2355 et
466 2292 551 2356 nobis
565 2292 633 2354 illas
649 2304 814 2376 praesentes
829 2294 960 2370 exhibet,
975 2297 1045 2358 dum
1060 2297 1132 2358 adeo
1147 2304 1238 2358 certos
1253 2313 1306 2357 nos
1320 2294 1359 2355 de
1374 2293 1432 2355 illis

259 2400 337 2476 facit,
353 2420 388 2463 ac
402 2399 427 2462 si
442 2418 472 2462 re
487 2400 552 2481 ipsa
567 2399 627 2462 iam
642 2400 800 2482 praestitae
815 2411 910 2464 essent
927 2398 995 2487 (hoc
1004 2421 1090 2464 sensu
1105 2401 1200 2464 reddit
1215 2399 1356 2485 Vespera
1365 2419 1430 2462 cum
1521 2427 1522 2437 ν

184 2583 189 2592 ¹
259 2507 368 2590 graecis
383 2505 589 2588 interpretibus
611 2515 641 2567 et
657 2529 681 2570 a.
705 2509 826 2570 Τόοννια
848 2503 1008 2574 ὑπόστασιν
1030 2525 1095 2589 per:
1117 2505 1370 2588 substantiam).·
1395 2508 1430 2568 In
1519 2495 1521 2571 J

258 2615 315 2677 hac
329 2613 507 2696 possessione
522 2611 590 2675 'vero
605 2629 700 2674 rerum
715 2624 898 2694 speratarum
912 2617 1119 2682 subsistantia
1133 2622 1233 2675 nostra
1257 2630 1310 2694 pro
1332 2624 1429 2678 aeter·

258 2720 352 2784 nitate
366 2720 484 2782 salvata
493 2728 546 2792 est,
561 2720 616 2781 sub
626 2739 661 2780 ea
671 2729 770 2781 tamen
779 2720 948 2795 conditione,
965 2720 1093 2782 utistam
1107 2719 1318 2801 possessionem
1325 2721 1430 2802 ficosa

250 2828 317 2913 fide
333 2827 493 2908 ctfiduoe’a
508 2825 655 2888 mentibus
676 2825 782 2889 nostris
804 2829 1018 2908 apprehensam
1040 2837 1199 2888 teneamus
1214 2861 1258 2874 -
1273 2827 1359 2888 Haeo
1373 2846 1430 2891 na-
1514 2835 1516 2907 j

257 2945 340 2997 turae
355 2931 423 2994 fidei
436 2931 590 3013 descriptio
605 2931 735 2994 illustrat
744 2952 788 3004 ea,
802 2953 877 3014 quae
886 2943 987 2996 auctor
1001 2951 1089 3015 supra
1098 2933 1154 2995 VI.
1165 2933 1194 2994 5.
1210 2934 1246 2995 de
1261 2931 1429 3012 gustatione
1513 2953 1514 2975 ι

257 3039 325 3103 boni
340 3039 422 3101 verbi
429 3038 484 3100 Dei
498 3047 529 3101 et
538 3038 679 3102 virtutum
688 3039 796 3102 saeculi
806 3039 894 3102 futuri
910 3039 1229 3126 ὤπασα-ἔλεγχος,
1244 3039 1284 3100 ab
1294 3037 1429 3125 ἐλέγχω,
1511 3063 1512 3070 “

255 3145 433 3230 argumentis
441 3147 615 3220 demonstro,
624 3145 768 3220 convinco,
779 3146 892 3228 proprie
901 3147 1045 3211 declarat:
1061 3144 1347 3219 demonstrationem,
1358 3163 1429 3227 pro·

257 3253 414 3328 bationem,
429 3261 646 3334 argumentum3
662 3233 803 3316 sedidem
813 3254 988 3316 vocabulum
1003 3253 1092 3315 etiam
1101 3260 1199 3316 notat:
1214 3251 1428 3327 certitudinem,

256 3353 478 3436 convictionem
493 3380 568 3442 quae
583 3359 660 3422 enim
676 3359 766 3421 firmis
781 3360 958 3441 argumentis
972 3362 1214 3434 demonstrantur,
1229 3377 1265 3421 ea
1279 3367 1361 3422 certa
1369 3359 1429 3421 ha-

258 3469 369 3542 bemus,
385 3487 421 3531 aa
435 3469 470 3529 de
480 3467 515 3530 iis
524 3467 644 3529 firmiter
659 3486 759 3530 sumus
774 3469 912 3548 persuasi,
928 3466 1058 3530 conmoti.
1089 3467 1129 3529 Et
1142 3467 1215 3529 baec
1229 3465 1367 3528 vocabuli
1382 3467 1426 3528 si-

259 3573 405 3656 gnificatio
420 3583 518 3638 nostro
534 3573 604 3648 loco,
626 3574 677 3637 ubi
698 3595 720 3636 s.
742 3581 843 3637 auctor
863 3575 899 3637 de
921 3583 998 3638 certa
1013 3573 1103 3636 animi
1124 3573 1273 3635 affectione
1289 3573 1428 3654 loquitur,

257 3680 367 3764 optime
388 3680 531 3746 convenit.
562 3681 617 3742 Est
637 3699 704 3762 ergo
726 3681 856 3768 ἔλεγχος
887 3679 921 3747 οὑ
944 3684 1137 3769 βλεπομένων
1159 3679 1307 3762 persuasio
1330 3680 1426 3756 firma,

256 3787 406 3862 convictio,
421 3807 496 3868 quae
511 3788 688 3868 argumentis
708 3787 874 3851 certissimis
898 3789 1000 3851 nititur
1021 3789 1056 3850 de
1080 3787 1200 3849 veritate
1222 3804 1328 3862 rerum,
1349 3777 1427 3869 quas

256 3895 388 3957 sensibus
403 3914 460 3956 uou
475 3893 656 3976 percipimus,
672 3913 811 3976 quasque,
826 3894 894 3958 licet
908 3915 1008 3958 seusus
1023 3895 1169 3957 humanus
1184 3895 1296 3956 credere
1310 3895 1425 3975 refugit,

254 4009 373 4084 propter
387 4000 442 4063 Dei
457 4003 579 4064 verbum
594 4023 629 4064 ae
643 4001 841 4064 testimonium
856 4002 1017 4084 recipimus.

345 4128 373 4172 v.
389 4110 419 4174 2.
434 4105 488 4173 Ἐν
503 4113 598 4196 ταότῃ
619 4113 677 4195 γὰρ
694 4108 950 4198 ἐμαρτυρήθησαν
974 4105 1002 4176 οἱ
1017 4112 1219 4196 πρεσβότεροι.
1235 4143 1280 4154 -
1303 4105 1423 4170 Verba:

251 4213 282 4278 ἐν
292 4219 387 4301 ταότρ
398 4221 456 4300 γάρ
473 4211 548 4300 (scil.
557 4213 664 4300 πίστει)
680 4215 752 4277 verti
762 4218 883 4278 debent:
897 4216 929 4278 in
944 4216 1086 4278 hacenim
1100 4216 1157 4278 fide
1171 4213 1331 4289 constituti,
1346 4217 1423 4278 banc

251 4319 339 4383 fidem
354 4321 504 4382 habentes.
521 4321 846 4409 -ἐμαρτυρήθησαν,
871 4321 1035 4386 testimonio
1052 4321 1205 4386 honorifico
1227 4321 1324 4385 ornati
1345 4333 1422 4396 sunt,
