3096 4886
283 333 349 403 222
717 333 842 402 assam
859 333 931 389 xm.
964 331 1007 390 ro.

282 514 448 578 observatio
463 533 483 577 a
497 513 644 577 nonnullis
658 515 697 578 ad
712 515 837 578 salutem
850 516 1251 598 oonsequeudamueoessmia
1263 515 1452 592 tradebam
1543 519 1544 608 l

281 631 397 686 statuta
412 621 485 686 haee
499 631 640 685 vocantur
654 623 775 709 διδαχαὶ
790 625 935 696 ποικίλαι,
956 623 1026 704 quia
1046 623 1142 686 multa
1163 633 1194 685 et
1215 625 1331 686 diversa
1352 632 1451 700 eraut3
1543 615 1544 700 ζ

284 731 364 804 ξέναι
380 747 457 802 vero,
472 727 542 811 quia
556 727 654 790 aliena
668 737 752 791 eraut
773 731 937 792 adootriua
952 729 1069 796 Christi.
1084 765 1129 778 —-
1144 732 1179 792 In
1200 730 1350 792 nonnullis
1369 730 1452 792 libris

283 835 389 917 legitur
403 840 612 923 αεριφέρεσθε,
635 836 666 896 iu
681 835 748 897 aliis
762 839 993 922 παραφέρεσθε;
1017 855 1118 898 sensus
1140 845 1185 898 est
1206 837 1266 898 fere
1286 835 1375 909 idem,
1390 835 1451 898 sive
1543 857 1544 900 3

282 941 344 1016 illa,
359 942 420 1005 sive
435 943 508 1004 haee
524 940 610 1004 leotio
624 943 777 1022 probetur;
792 941 876 1004 lectio
891 939 986 1004 altera
1000 952 1099 1004 autem
1115 947 1332 1029 παραφέρεσθε
1345 943 1451 1004 admo-

284 1049 347 1111 nitu
369 1049 560 1130 plurimorum
582 1047 711 1130 optimae
739 1057 826 1110 notae
849 1048 977 1110 oodioum
999 1046 1052 1134 (A.
1067 1047 1100 1110 0.
1116 1050 1152 1110 D.
1169 1049 1210 1117 M.
1226 1047 1298 1124 Sin,
1320 1049 1450 1129 plurium

280 1153 529 1238 minusculorum)‚
553 1153 642 1216 etiam
665 1154 805 1217 versionis
828 1155 990 1238 Volpotoa
1016 1155 1171 1238 θρήαοοο
1193 1165 1223 1218 et
1245 1154 1392 1238 caperem
1405 1163 1451 1216 est

281 1263 475 1343 praeferenda
494 1297 532 1308 —
551 1261 648 1325 ιιαλάν
663 1261 692 1328 h.
708 1259 728 1324 l.
751 1259 828 1322 idem
843 1260 924 1322 valet
938 1262 1015 1341 quod
1032 1267 1185 1348 συμφέρει,
1207 1261 1280 1328 utile
1303 1269 1357 1333 est,
1379 1280 1450 1322 oon-

281 1367 368 1439 duoit,
383 1365 473 1432 iuvat.
488 1401 532 1412 -
547 1372 638 1454 χάρις
654 1365 724 1447 quid
738 1367 768 1428 lu
784 1367 804 1428 l.
819 1366 967 1446 signifieat,
983 1367 1109 1428 multum
1124 1366 1305 1447 disputatum
1328 1364 1450 1430 osaea

281 1491 334 1555 per
348 1478 438 1560 χάριν
447 1471 554 1553 fidene,
572 1495 597 1536 a.
609 1471 748 1536 Ἠιοοιοο
754 1474 1135 1556 protiomiaatr'sioootem,
1146 1473 1262 1536 Εεοίαο
1271 1473 1450 1536 doctrinam

280 1578 403 1644 Christi
418 1577 560 1659 integram
575 1585 607 1640 et
620 1578 816 1660 inoorruptam
831 1597 896 1641 oum
911 1578 1046 1640 omnibus
1060 1578 1207 1640 benefieiis
1227 1577 1287 1640 suis
1302 1577 1449 1659 iutelligit

280 1683 386 1767 Opinio
401 1691 501 1746 autem
515 1683 734 1747 verosimillima
749 1693 802 1759 est,
817 1702 869 1766 per
883 1690 974 1772 χάριν
995 1683 1215 1765 intelligendam
1234 1703 1298 1748 esse
1312 1705 1354 1748 ea.
1371 1685 1446 1748 Eo-

278 1793 476 1864 elaeonem,
502 1810 577 1871 quae
600 1799 730 1853 oentrum
753 1789 903 1854 eonstituit
925 1800 956 1852 et
978 1809 1124 1852 summam
1146 1789 1277 1852 omnium
1300 1789 1449 1856 doctrinae

279 1896 389 1960 Christi
403 1895 614 1962 benefimorum.
644 1897 709 1958 Iam
725 1896 886 1978 expressio:
908 1902 1010 1983 χάριτι
1031 1899 1229 1980 βεβαιοῦσθαι
1243 1902 1298 1985 ιην
1313 1897 1447 1982 ιιαρδίαν,

177 1985 180 1992 ’
277 2012 308 2064 et
322 2001 477 2065 antithesis
491 2002 566 2064 iuter
581 2008 672 2092 χάριν
687 2011 717 2064 et
733 2005 877 2090 βρώματα
891 2001 996 2076 innuit,
1019 2021 1071 2083 per
1086 2008 1177 2090 χάριν
1198 2003 1295 2065 eibum
1317 2001 1446 2085 aliquem

276 2108 497 2190 intelligendum
512 2127 589 2185 esse;
611 2108 782 2190 praeprimis
796 2117 896 2171 autem
919 2109 996 2171 hano
1017 2107 1240 2189 explieationem
1262 2110 1447 2172 sommendat

277 2234 307 2282 v.
323 2234 392 2295 seq.‚
407 2215 438 2275 in
453 2233 510 2295 quo
525 2235 562 2278 ss.
578 2213 763 2278 Euchaustia
786 2235 846 2296 qua
864 2215 1035 2278 sacrificium
1057 2221 1088 2276 et
1108 2213 1189 2277 uibus
1210 2214 1379 2278 saorifioalis
1393 2217 1446 2277 de-

276 2320 418 2392 scribitur.
425 2317 450 2404 ¹)
468 2355 509 2368 -
525 2319 582 2381 Per
597 2323 743 2407 βρώματα
757 2320 908 2410 flagitante
922 2338 1008 2382 versu
1023 2340 1083 2402 seq.
1097 2321 1200 2402 epulae
1215 2341 1281 2384 oum
1296 2320 1443 2384 sacrificiis

274 2425 396 2489 iudaiois
410 2424 1050 2507 ooniuuotaeiutelligidebeut.-Formula:
1068 2438 1235 2522 περιπατεῖν
1255 2425 1286 2493 ἐν
1303 2430 1442 2528 βρώμασι
1543 2467 1544 2490 ι

275 2535 410 2596 denotat:
426 2532 577 2614 epularum
593 2533 795 2596 sacrifiealium
809 2533 979 2614 participem
995 2551 1065 2595 esse.
1078 2533 1167 2595 Tales
1182 2533 1286 2614 epulae
1301 2553 1361 2596 non
1375 2551 1445 2615 pro-
1543 2535 1544 2586 ὲ

276 2641 391 2702 fuerunt
412 2637 534 2701 Judaeis
556 2639 594 2700 ad
623 2637 816 2700 stabilitatem
844 2637 1033 2702 eonscientiae
1053 2657 1211 2720 veramque
1238 2639 1443 2715 sanctitatem
1543 2617 1544 2654 ¹

272 2765 343 2807 uam
357 2743 515 2808 Ieremias
529 2742 599 2829 (XL
618 2741 683 2828 15.)
699 2743 782 2806 dloit:
805 2743 994 2826 ,Namqadd
1017 2765 1128 2810 earnes
1149 2753 1276 2809 sanotae
1291 2748 1444 2828 auferant
1543 2745 1544 2822 j

274 2872 296 2914 ο
313 2860 341 2913 te
355 2849 500 2913 matteas
518 2849 637 2913 άιιοοΡΙ
653 2885 697 2896 -
713 2850 743 2915 ἐν
766 2847 811 2924 οἷς
833 2852 1012 2913 referendum
1034 2860 1079 2913 est
1100 2852 1138 2913 ad
1163 2846 1190 2917 οἱ
1211 2861 1444 2936 περιπατοῦντες
1543 2827 1544 2898 l

272 2973 330 3018 uon
345 2973 413 3017 vero
428 2957 466 3017 ad
481 2954 698 3043 ὠφελήθησαν.

363 3081 392 3128 v.
411 3063 460 3126 10.
472 3057 610 3147 Ἔχομεν
625 3064 849 3149 θυσιαστήριον,
865 3059 896 3136 ἐξ
913 3058 949 3127 οὔ
964 3073 1066 3150 φαγεῖν
1083 3059 1139 3128 οὐκ
1159 3063 1284 3150 ἔχοοσιν
1305 3025 1442 3137 ἐξουσίαν
1543 3031 1544 3036 ¹

274 3162 302 3232 οἱ
318 3177 355 3252 τη
372 3177 470 3254 σιιηνη
493 3167 696 3251 λατρεάοντες.
718 3201 762 3214 -
776 3163 875 3230 Versu
895 3167 1076 3250 praecedeuti
1098 3177 1274 3232 memorarat
1292 3170 1443 3250 apostolus

272 3277 426 3362 βρώματα,
442 3273 521 3336 cibos
535 3273 557 3334 J
558 3273 715 3336 udaeomm
730 3292 842 3350 samos,·
856 3274 922 3336 iude
938 3276 993 3338 hoe
1007 3293 1092 3337 versu
1107 3274 1286 3337 oooasionem
1300 3275 1393 3338 sumit
1407 3278 1441 3338 de
1543 3263 1544 3276 ¹

271 3378 337 3440 oibo
360 3377 582 3443 christianorum
604 3383 692 3455 sauro,
715 3399 753 3446 ss.
776 3399 880 3462 nempe
903 3381 1124 3456 Ειιοάαήοιάα,
1139 3381 1304 3444 disserendi.
1320 3417 1366 3428 -
1380 3385 1438 3447 θο-

244 3562 246 3566 .
271 3493 442 3574 σιασιηριον
452 3504 503 3566 per
512 3485 721 3568 metonymiam
733 3487 860 3570 positum
876 3496 921 3548 est
929 3505 981 3568 pro
989 3487 1117 3574 viptima,
1127 3507 1202 3568 quae
1211 3487 1241 3549 iu
1251 3505 1304 3550 ara
1312 3489 1434 3551 offertur.

271 3627 315 3636 —
332 3585 360 3655 οἱ
374 3602 412 3678 τη
435 3604 533 3679 σκηνῇ
557 3595 751 3678 λαορεάοντες
766 3592 879 3674 proprie
901 3593 1035 3656 dicuntur
1049 3595 1211 3656 saoerdotes
1232 3593 1353 3672 iudaioi;
1375 3593 1436 3657 lal

273 3705 381 3772 autem,
396 3717 462 3761 oum
477 3707 661 3779 opponantur
676 3697 848 3772 christianis,
863 3699 1062 3780 siguifioentur
1074 3698 1192 3761 omnino
1206 3699 1322 3774 Jadaei,
1337 3699 1439 3762 ritibus

271 3804 409 3868 levitiois
424 3806 615 3867 adhaerentes
629 3804 721 3886 iisque
742 3806 924 3868 oonlideutes.
940 3841 984 3854 -
998 3804 1093 3868 lorus
1114 3805 1163 3868 hio
1183 3805 1321 3868 olassious
1343 3817 1388 3868 est
1401 3807 1437 3868 arl

268 3913 451 3991 probandum
466 3913 573 3992 dogma
588 3911 733 3976 Foelesiae
755 3911 924 3986 ootholioae,
947 3933 983 3979 ss.
1000 3911 1217 3974 Eucharistiam
1233 3911 1301 3975 ⁴veri
1315 3913 1437 3979 nominis

269 4035 332 4079 esse
347 4017 525 4081 morifioium.
558 4017 775 4108 Θοοιασιηριον
791 4020 912 4081 θεάσαιο
926 4019 1035 4082 soilioet
1056 4019 1150 4080 altare
1171 4019 1254 4093 illud,
1267 4017 1307 4081 iu
1321 4039 1380 4101 quo
1394 4021 1437 4082 oi-

267 4124 386 4187 ferimus
400 4124 572 4188 saorifiomm
586 4125 712 4206 eorporis
727 4134 757 4186 et
772 4123 920 4206 sanguinis
930 4123 1048 4200 Christi,
1063 4124 1134 4187 olim
1148 4125 1179 4186 in
1187 4141 1271 4188 ornos
1278 4125 1436 4201 immolati3

360 4349 798 4423 ocaaapaprasaaoa
