<?xml version="1.0" encoding="UTF-8"?>
<!DOCTYPE html PUBLIC "-//W3C//DTD XHTML 1.0 Transitional//EN"
    "http://www.w3.org/TR/xhtml1/DTD/xhtml1-transitional.dtd">
<html xmlns="http://www.w3.org/1999/xhtml" xml:lang="en" lang="en">
 <head>
  <title>
</title>
<meta http-equiv="Content-Type" content="text/html;charset=utf-8" />
  <meta name='ocr-system' content='tesseract 3.04.00' />
  <meta name='ocr-capabilities' content='ocr_page ocr_carea ocr_par ocr_line ocrx_word'/>
</head>
<body>
  <div class='ocr_page' id='page_1' title='image "./commentariusine00pngoog_0138.png"; bbox 0 0 3064 4894; ppageno 0'>
   <div class='ocr_carea' id='block_1_1' title="bbox 543 307 1286 378">
    <p class='ocr_par' dir='ltr' id='par_1_1' title="bbox 543 307 1286 378">
     <span class='ocr_line' id='line_1_1' title="bbox 543 307 1286 378; baseline -0.003 -16"><span class='ocrx_word' id='word_1_1' title='bbox 543 313 668 378; x_wconf 60' lang='lat' dir='ltr'><strong>mperes</strong></span> <span class='ocrx_word' id='word_1_2' title='bbox 687 312 747 364; x_wconf 85' lang='lat' dir='ltr'><strong>vu.</strong></span> <span class='ocrx_word' id='word_1_3' title='bbox 765 309 861 363; x_wconf 71' lang='lat' dir='ltr'><strong>aare.</strong></span> <span class='ocrx_word' id='word_1_4' title='bbox 1223 307 1286 374; x_wconf 81' lang='lat'><strong>125</strong></span> 
     </span>
    </p>
   </div>
   <div class='ocr_carea' id='block_1_2' title="bbox 118 483 1306 4412">
    <p class='ocr_par' dir='ltr' id='par_1_2' title="bbox 118 483 1295 1316">
     <span class='ocr_line' id='line_1_2' title="bbox 118 483 1289 576; baseline 0.002 -22"><span class='ocrx_word' id='word_1_5' title='bbox 118 492 307 573; x_wconf 89' lang='lat' dir='ltr'><strong>inquantum</strong></span> <span class='ocrx_word' id='word_1_6' title='bbox 330 491 465 554; x_wconf 91' lang='lat' dir='ltr'><strong>nimirum</strong></span> <span class='ocrx_word' id='word_1_7' title='bbox 489 489 653 561; x_wconf 81' lang='lat' dir='ltr'><strong>immortale</strong></span> <span class='ocrx_word' id='word_1_8' title='bbox 674 499 806 574; x_wconf 76' lang='lat' dir='ltr'>praestat</span> <span class='ocrx_word' id='word_1_9' title='bbox 829 490 953 554; x_wconf 77' lang='lat' dir='ltr'><strong>mortali.</strong></span> <span class='ocrx_word' id='word_1_10' title='bbox 978 491 1068 556; x_wconf 82' lang='lat' dir='ltr'><strong>Thasi</strong></span> <span class='ocrx_word' id='word_1_11' title='bbox 1091 483 1245 576; x_wconf 67' lang='lat' dir='ltr'><strong>negativae</strong></span> <span class='ocrx_word' id='word_1_12' title='bbox 1259 487 1289 550; x_wconf 83' lang='lat' dir='ltr'><strong>in</strong></span> 
     </span>
     <span class='ocr_line' id='line_1_3' title="bbox 120 597 1290 681; baseline 0.004 -22"><span class='ocrx_word' id='word_1_13' title='bbox 120 619 168 660; x_wconf 88' lang='lat' dir='ltr'><strong>vv.</strong></span> <span class='ocrx_word' id='word_1_14' title='bbox 187 599 267 666; x_wconf 80' lang='lat'><strong>15-</strong></span> <span class='ocrx_word' id='word_1_15' title='bbox 278 599 325 664; x_wconf 86' lang='lat'><strong>18.</strong></span> <span class='ocrx_word' id='word_1_16' title='bbox 343 616 504 681; x_wconf 80' lang='lat' dir='ltr'>expressae,</span> <span class='ocrx_word' id='word_1_17' title='bbox 520 597 712 660; x_wconf 72' lang='lat' dir='ltr'><strong>sacerdotium</strong></span> <span class='ocrx_word' id='word_1_18' title='bbox 734 617 837 680; x_wconf 88' lang='lat' dir='ltr'>nempe</span> <span class='ocrx_word' id='word_1_19' title='bbox 852 597 959 674; x_wconf 82' lang='lat' dir='ltr'><strong>veteris</strong></span> <span class='ocrx_word' id='word_1_20' title='bbox 979 599 1087 662; x_wconf 83' lang='lat' dir='ltr'>ordinis</span> <span class='ocrx_word' id='word_1_21' title='bbox 1109 603 1217 667; x_wconf 88' lang='lat' dir='ltr'><strong>virtute</strong></span> <span class='ocrx_word' id='word_1_22' title='bbox 1231 599 1290 664; x_wconf 86' lang='lat' dir='ltr'><strong>irn-</strong></span> 
     </span>
     <span class='ocr_line' id='line_1_4' title="bbox 124 703 1289 786; baseline 0.005 -20"><span class='ocrx_word' id='word_1_23' title='bbox 124 704 259 767; x_wconf 86' lang='lat' dir='ltr'><strong>mortalis</strong></span> <span class='ocrx_word' id='word_1_24' title='bbox 275 703 352 765; x_wconf 88' lang='lat' dir='ltr'><strong>vitae</strong></span> <span class='ocrx_word' id='word_1_25' title='bbox 374 723 475 766; x_wconf 88' lang='lat' dir='ltr'><strong>careus</strong></span> <span class='ocrx_word' id='word_1_26' title='bbox 496 706 534 766; x_wconf 88' lang='lat' dir='ltr'><strong>ad</strong></span> <span class='ocrx_word' id='word_1_27' title='bbox 556 703 742 786; x_wconf 87' lang='lat' dir='ltr'><strong>perficiendos</strong></span> <span class='ocrx_word' id='word_1_28' title='bbox 763 703 895 766; x_wconf 89' lang='lat' dir='ltr'><strong>homines</strong></span> <span class='ocrx_word' id='word_1_29' title='bbox 916 704 1091 768; x_wconf 87' lang='lat' dir='ltr'><strong>insufficiens</strong></span> <span class='ocrx_word' id='word_1_30' title='bbox 1113 709 1208 784; x_wconf 81' lang='lat' dir='ltr'><strong>fnisse,</strong></span> <span class='ocrx_word' id='word_1_31' title='bbox 1224 711 1253 772; x_wconf 92' lang='lat' dir='ltr'><strong>h.</strong></span> <span class='ocrx_word' id='word_1_32' title='bbox 1270 710 1289 772; x_wconf 93' lang='lat' dir='ltr'><strong>l.</strong></span> 
     </span>
     <span class='ocr_line' id='line_1_5' title="bbox 121 809 1287 885; baseline 0.004 -12"><span class='ocrx_word' id='word_1_33' title='bbox 121 811 237 874; x_wconf 83' lang='lat' dir='ltr'>additur</span> <span class='ocrx_word' id='word_1_34' title='bbox 252 812 343 872; x_wconf 85' lang='lat' dir='ltr'><strong>thesis</strong></span> <span class='ocrx_word' id='word_1_35' title='bbox 358 810 544 884; x_wconf 86' lang='lat' dir='ltr'><strong>affirmativa,</strong></span> <span class='ocrx_word' id='word_1_36' title='bbox 559 811 661 872; x_wconf 89' lang='lat' dir='ltr'><strong>Jesum</strong></span> <span class='ocrx_word' id='word_1_37' title='bbox 675 810 785 872; x_wconf 84' lang='lat' dir='ltr'><strong>scilicet</strong></span> <span class='ocrx_word' id='word_1_38' title='bbox 797 809 992 874; x_wconf 82' lang='lat' dir='ltr'><strong>immortalem</strong></span> <span class='ocrx_word' id='word_1_39' title='bbox 1008 831 1070 874; x_wconf 89' lang='lat' dir='ltr'><strong>esse</strong></span> <span class='ocrx_word' id='word_1_40' title='bbox 1085 823 1115 876; x_wconf 91' lang='lat' dir='ltr'><strong>et</strong></span> <span class='ocrx_word' id='word_1_41' title='bbox 1129 825 1287 885; x_wconf 69' lang='lat' dir='ltr'><strong>sumtuum,</strong></span> 
     </span>
     <span class='ocr_line' id='line_1_6' title="bbox 120 916 1288 1001; baseline 0.005 -22"><span class='ocrx_word' id='word_1_42' title='bbox 120 928 151 979; x_wconf 91' lang='lat' dir='ltr'><strong>et</strong></span> <span class='ocrx_word' id='word_1_43' title='bbox 165 917 284 1001; x_wconf 89' lang='lat' dir='ltr'><strong>proinde</strong></span> <span class='ocrx_word' id='word_1_44' title='bbox 300 935 351 997; x_wconf 93' lang='lat' dir='ltr'><strong>pro</strong></span> <span class='ocrx_word' id='word_1_45' title='bbox 366 917 501 979; x_wconf 87' lang='lat' dir='ltr'><strong>omnibus</strong></span> <span class='ocrx_word' id='word_1_46' title='bbox 516 937 578 979; x_wconf 86' lang='lat' dir='ltr'><strong>sese</strong></span> <span class='ocrx_word' id='word_1_47' title='bbox 593 916 802 1000; x_wconf 82' lang='lat' dir='ltr'><strong>excipientibus</strong></span> <span class='ocrx_word' id='word_1_48' title='bbox 818 916 967 978; x_wconf 89' lang='lat' dir='ltr'><strong>hominum</strong></span> <span class='ocrx_word' id='word_1_49' title='bbox 977 920 1209 997; x_wconf 72' lang='lat' dir='ltr'><strong>generationibus</strong></span> <span class='ocrx_word' id='word_1_50' title='bbox 1225 923 1288 984; x_wconf 85' lang='lat' dir='ltr'><strong>sul-</strong></span> 
     </span>
     <span class='ocr_line' id='line_1_7' title="bbox 124 1022 1295 1101; baseline 0.005 -16"><span class='ocrx_word' id='word_1_51' title='bbox 124 1025 268 1086; x_wconf 87' lang='lat' dir='ltr'><strong>ficientem</strong></span> <span class='ocrx_word' id='word_1_52' title='bbox 284 1043 346 1086; x_wconf 91' lang='lat' dir='ltr'><strong>esse</strong></span> <span class='ocrx_word' id='word_1_53' title='bbox 361 1023 569 1086; x_wconf 85' lang='lat' dir='ltr'><strong>sacerdotalem</strong></span> <span class='ocrx_word' id='word_1_54' title='bbox 591 1022 786 1086; x_wconf 83' lang='lat' dir='ltr'><strong>mediatorem.</strong></span> <span class='ocrx_word' id='word_1_55' title='bbox 817 1022 939 1086; x_wconf 85' lang='lat' dir='ltr'><strong>Levitici</strong></span> <span class='ocrx_word' id='word_1_56' title='bbox 961 1026 1130 1101; x_wconf 85' lang='lat' dir='ltr'><strong>sacerdotes,</strong></span> <span class='ocrx_word' id='word_1_57' title='bbox 1155 1027 1225 1090; x_wconf 91' lang='lat' dir='ltr'><strong>dicit</strong></span> <span class='ocrx_word' id='word_1_58' title='bbox 1240 1029 1295 1092; x_wconf 89' lang='lat' dir='ltr'><strong>hoc</strong></span> 
     </span>
     <span class='ocr_line' id='line_1_8' title="bbox 126 1128 1295 1214; baseline 0.003 -22"><span class='ocrx_word' id='word_1_59' title='bbox 126 1131 158 1192; x_wconf 89' lang='lat' dir='ltr'><strong>in</strong></span> <span class='ocrx_word' id='word_1_60' title='bbox 175 1149 260 1193; x_wconf 85' lang='lat' dir='ltr'><strong>versu</strong></span> <span class='ocrx_word' id='word_1_61' title='bbox 276 1140 383 1204; x_wconf 90' lang='lat' dir='ltr'><strong>auctor,</strong></span> <span class='ocrx_word' id='word_1_62' title='bbox 399 1130 487 1192; x_wconf 90' lang='lat' dir='ltr'><strong>etiam</strong></span> <span class='ocrx_word' id='word_1_63' title='bbox 504 1129 618 1202; x_wconf 88' lang='lat' dir='ltr'><strong>summi,</strong></span> <span class='ocrx_word' id='word_1_64' title='bbox 633 1128 732 1211; x_wconf 85' lang='lat' dir='ltr'><strong>plures</strong></span> <span class='ocrx_word' id='word_1_65' title='bbox 751 1129 820 1192; x_wconf 82' lang='lat' dir='ltr'><strong>lacti</strong></span> <span class='ocrx_word' id='word_1_66' title='bbox 842 1139 918 1202; x_wconf 88' lang='lat' dir='ltr'><strong>sunt,</strong></span> <span class='ocrx_word' id='word_1_67' title='bbox 933 1129 1009 1192; x_wconf 88' lang='lat' dir='ltr'><strong>alius</strong></span> <span class='ocrx_word' id='word_1_68' title='bbox 1024 1141 1091 1213; x_wconf 88' lang='lat' dir='ltr'><strong>post</strong></span> <span class='ocrx_word' id='word_1_69' title='bbox 1105 1132 1204 1208; x_wconf 66' lang='lat' dir='ltr'><strong>aliona</strong></span> <span class='ocrx_word' id='word_1_70' title='bbox 1226 1132 1295 1214; x_wconf 85' lang='lat' dir='ltr'><strong>qnia</strong></span> 
     </span>
     <span class='ocr_line' id='line_1_9' title="bbox 126 1234 1147 1316; baseline 0.004 -17"><span class='ocrx_word' id='word_1_71' title='bbox 126 1237 265 1300; x_wconf 84' lang='lat' dir='ltr'><strong>mortales</strong></span> <span class='ocrx_word' id='word_1_72' title='bbox 281 1246 372 1311; x_wconf 90' lang='lat' dir='ltr'><strong>erant,</strong></span> <span class='ocrx_word' id='word_1_73' title='bbox 388 1247 419 1298; x_wconf 91' lang='lat' dir='ltr'><strong>et</strong></span> <span class='ocrx_word' id='word_1_74' title='bbox 432 1245 525 1299; x_wconf 85' lang='lat' dir='ltr'><strong>morte</strong></span> <span class='ocrx_word' id='word_1_75' title='bbox 541 1235 694 1297; x_wconf 86' lang='lat' dir='ltr'><strong>finiebatur</strong></span> <span class='ocrx_word' id='word_1_76' title='bbox 709 1234 930 1316; x_wconf 86' lang='lat' dir='ltr'><strong>uniuscuiusque</strong></span> <span class='ocrx_word' id='word_1_77' title='bbox 946 1237 1147 1304; x_wconf 88' lang='lat' dir='ltr'><strong>sacerdotium.</strong></span> 
     </span>
    </p>

    <p class='ocr_par' dir='ltr' id='par_1_3' title="bbox 126 1337 1304 3128">
     <span class='ocr_line' id='line_1_10' title="bbox 217 1337 1295 1434; baseline 0.007 -30"><span class='ocrx_word' id='word_1_78' title='bbox 217 1364 245 1404; x_wconf 88' lang='lat' dir='ltr'><strong>v.</strong></span> <span class='ocrx_word' id='word_1_79' title='bbox 263 1345 314 1410; x_wconf 83' lang='lat'><strong>24.</strong></span> <span class='ocrx_word' id='word_1_80' title='bbox 337 1340 404 1408; x_wconf 79' lang='grc' dir='ltr'><strong>ὁδὲ</strong></span> <span class='ocrx_word' id='word_1_81' title='bbox 420 1343 470 1408; x_wconf 83' lang='grc' dir='ltr'><strong>διὰ</strong></span> <span class='ocrx_word' id='word_1_82' title='bbox 485 1347 518 1408; x_wconf 88' lang='grc' dir='ltr'><strong>τὸ</strong></span> <span class='ocrx_word' id='word_1_83' title='bbox 535 1348 631 1429; x_wconf 75' lang='grc' dir='ltr'><strong>μένειν</strong></span> <span class='ocrx_word' id='word_1_84' title='bbox 646 1337 734 1406; x_wconf 69' lang='grc' dir='ltr'><strong>αὐτὸν</strong></span> <span class='ocrx_word' id='word_1_85' title='bbox 758 1337 801 1415; x_wconf 82' lang='grc' dir='ltr'><strong>εἰς</strong></span> <span class='ocrx_word' id='word_1_86' title='bbox 822 1345 872 1407; x_wconf 81' lang='grc' dir='ltr'><strong>τὸν</strong></span> <span class='ocrx_word' id='word_1_87' title='bbox 894 1339 996 1418; x_wconf 83' lang='grc' dir='ltr'><strong>αἰῶνα.</strong></span> <span class='ocrx_word' id='word_1_88' title='bbox 1018 1342 1214 1431; x_wconf 80' lang='grc' dir='ltr'>ἀπαράβατον</span> <span class='ocrx_word' id='word_1_89' title='bbox 1229 1346 1295 1434; x_wconf 77' lang='grc' dir='ltr'><strong>ἔχει</strong></span> 
     </span>
     <span class='ocr_line' id='line_1_11' title="bbox 129 1447 1294 1540; baseline -0.001 -23"><span class='ocrx_word' id='word_1_90' title='bbox 129 1456 184 1540; x_wconf 81' lang='grc' dir='ltr'><strong>τὴν</strong></span> <span class='ocrx_word' id='word_1_91' title='bbox 192 1447 362 1538; x_wconf 80' lang='grc' dir='ltr'><strong>ἱερυυυνην.</strong></span> <span class='ocrx_word' id='word_1_92' title='bbox 372 1483 406 1496; x_wconf 85' lang='lat'><strong>—-</strong></span> <span class='ocrx_word' id='word_1_93' title='bbox 422 1450 552 1511; x_wconf 88' lang='lat' dir='ltr'><strong>Verbum</strong></span> <span class='ocrx_word' id='word_1_94' title='bbox 564 1454 659 1534; x_wconf 80' lang='grc' dir='ltr'><strong>μένειν</strong></span> <span class='ocrx_word' id='word_1_95' title='bbox 669 1449 699 1510; x_wconf 91' lang='lat' dir='ltr'><strong>h.</strong></span> <span class='ocrx_word' id='word_1_96' title='bbox 709 1447 727 1508; x_wconf 94' lang='lat' dir='ltr'><strong>l.</strong></span> <span class='ocrx_word' id='word_1_97' title='bbox 738 1447 959 1510; x_wconf 86' lang='lat' dir='ltr'><strong>deuotatvivere</strong></span> <span class='ocrx_word' id='word_1_98' title='bbox 968 1447 1027 1534; x_wconf 89' lang='lat' dir='ltr'><strong>(est</strong></span> <span class='ocrx_word' id='word_1_99' title='bbox 1035 1451 1219 1532; x_wconf 88' lang='lat' dir='ltr'><strong>synonimum</strong></span> <span class='ocrx_word' id='word_1_100' title='bbox 1229 1473 1294 1516; x_wconf 89' lang='lat' dir='ltr'><strong>oum</strong></span> 
     </span>
     <span class='ocr_line' id='line_1_12' title="bbox 128 1553 1297 1645; baseline 0 -23"><span class='ocrx_word' id='word_1_101' title='bbox 128 1563 257 1622; x_wconf 84' lang='grc' dir='ltr'><strong>πάντοτε</strong></span> <span class='ocrx_word' id='word_1_102' title='bbox 273 1555 347 1645; x_wconf 76' lang='grc' dir='ltr'><strong>ζῆν).</strong></span> <span class='ocrx_word' id='word_1_103' title='bbox 363 1592 405 1602; x_wconf 92' lang='grc'>-</span> <span class='ocrx_word' id='word_1_104' title='bbox 422 1554 609 1617; x_wconf 83' lang='lat' dir='ltr'><strong>Adiectivum</strong></span> <span class='ocrx_word' id='word_1_105' title='bbox 625 1553 831 1640; x_wconf 81' lang='grc' dir='ltr'><strong>ἀπαράβατος,</strong></span> <span class='ocrx_word' id='word_1_106' title='bbox 852 1555 929 1635; x_wconf 91' lang='lat' dir='ltr'><strong>quod</strong></span> <span class='ocrx_word' id='word_1_107' title='bbox 949 1575 1040 1636; x_wconf 90' lang='lat' dir='ltr'><strong>neque</strong></span> <span class='ocrx_word' id='word_1_108' title='bbox 1063 1556 1092 1618; x_wconf 91' lang='lat' dir='ltr'><strong>in</strong></span> <span class='ocrx_word' id='word_1_109' title='bbox 1107 1577 1181 1620; x_wconf 88' lang='lat' dir='ltr'><strong>vers.</strong></span> <span class='ocrx_word' id='word_1_110' title='bbox 1197 1559 1297 1635; x_wconf 73' lang='lat' dir='ltr'><strong>Alere,</strong></span> 
     </span>
     <span class='ocr_line' id='line_1_13' title="bbox 126 1659 1297 1746; baseline 0.004 -23"><span class='ocrx_word' id='word_1_111' title='bbox 126 1683 221 1744; x_wconf 88' lang='lat' dir='ltr'><strong>neque</strong></span> <span class='ocrx_word' id='word_1_112' title='bbox 237 1662 267 1724; x_wconf 89' lang='lat' dir='ltr'><strong>in</strong></span> <span class='ocrx_word' id='word_1_113' title='bbox 284 1661 387 1724; x_wconf 91' lang='lat' dir='ltr'><strong>litteris</strong></span> <span class='ocrx_word' id='word_1_114' title='bbox 396 1662 434 1724; x_wconf 93' lang='lat' dir='ltr'><strong>N.</strong></span> <span class='ocrx_word' id='word_1_115' title='bbox 444 1662 479 1727; x_wconf 90' lang='lat' dir='ltr'><strong>T.</strong></span> <span class='ocrx_word' id='word_1_116' title='bbox 494 1671 609 1744; x_wconf 88' lang='lat' dir='ltr'><strong>praeter</strong></span> <span class='ocrx_word' id='word_1_117' title='bbox 624 1661 701 1722; x_wconf 91' lang='lat' dir='ltr'><strong>huuc</strong></span> <span class='ocrx_word' id='word_1_118' title='bbox 716 1660 810 1722; x_wconf 91' lang='lat' dir='ltr'><strong>locum</strong></span> <span class='ocrx_word' id='word_1_119' title='bbox 826 1659 937 1741; x_wconf 87' lang='lat' dir='ltr'><strong>legitur,</strong></span> <span class='ocrx_word' id='word_1_120' title='bbox 953 1682 972 1722; x_wconf 93' lang='lat' dir='ltr'><strong>a</strong></span> <span class='ocrx_word' id='word_1_121' title='bbox 987 1662 1174 1745; x_wconf 76' lang='lat' dir='ltr'><strong>scriptoribus</strong></span> <span class='ocrx_word' id='word_1_122' title='bbox 1189 1666 1297 1746; x_wconf 79' lang='lat' dir='ltr'><strong>graecis</strong></span> 
     </span>
     <span class='ocr_line' id='line_1_14' title="bbox 132 1765 1298 1847; baseline 0.004 -17"><span class='ocrx_word' id='word_1_123' title='bbox 132 1768 286 1830; x_wconf 80' lang='lat' dir='ltr'><strong>senioribus</strong></span> <span class='ocrx_word' id='word_1_124' title='bbox 301 1767 395 1830; x_wconf 84' lang='lat' dir='ltr'><strong>active</strong></span> <span class='ocrx_word' id='word_1_125' title='bbox 410 1767 574 1840; x_wconf 86' lang='lat' dir='ltr'><strong>adhibetur,</strong></span> <span class='ocrx_word' id='word_1_126' title='bbox 590 1765 809 1847; x_wconf 83' lang='lat' dir='ltr'><strong>significatione:</strong></span> <span class='ocrx_word' id='word_1_127' title='bbox 832 1767 969 1829; x_wconf 86' lang='lat' dir='ltr'><strong>terminos</strong></span> <span class='ocrx_word' id='word_1_128' title='bbox 984 1767 1156 1832; x_wconf 88' lang='lat' dir='ltr'><strong>constitutos</strong></span> <span class='ocrx_word' id='word_1_129' title='bbox 1171 1791 1229 1834; x_wconf 88' lang='lat' dir='ltr'><strong>uon</strong></span> <span class='ocrx_word' id='word_1_130' title='bbox 1244 1791 1298 1834; x_wconf 90' lang='lat' dir='ltr'><strong>ex-</strong></span> 
     </span>
     <span class='ocr_line' id='line_1_15' title="bbox 127 1872 1294 1959; baseline 0.003 -22"><span class='ocrx_word' id='word_1_131' title='bbox 127 1876 244 1949; x_wconf 83' lang='lat' dir='ltr'><strong>cedens3</strong></span> <span class='ocrx_word' id='word_1_132' title='bbox 260 1874 384 1957; x_wconf 84' lang='lat' dir='ltr'><strong>passive,</strong></span> <span class='ocrx_word' id='word_1_133' title='bbox 400 1875 471 1936; x_wconf 91' lang='lat' dir='ltr'><strong>uth.</strong></span> <span class='ocrx_word' id='word_1_134' title='bbox 483 1875 511 1948; x_wconf 94' lang='lat' dir='ltr'><strong>l.,</strong></span> <span class='ocrx_word' id='word_1_135' title='bbox 527 1872 723 1959; x_wconf 82' lang='grc' dir='ltr'>ἀπαράβατον</span> <span class='ocrx_word' id='word_1_136' title='bbox 739 1872 895 1954; x_wconf 85' lang='lat' dir='ltr'><strong>significat:</strong></span> <span class='ocrx_word' id='word_1_137' title='bbox 911 1875 988 1954; x_wconf 93' lang='lat' dir='ltr'><strong>quod</strong></span> <span class='ocrx_word' id='word_1_138' title='bbox 995 1875 1102 1937; x_wconf 89' lang='lat' dir='ltr'><strong>mutari</strong></span> <span class='ocrx_word' id='word_1_139' title='bbox 1118 1877 1226 1958; x_wconf 86' lang='lat' dir='ltr'><strong>nequit,</strong></span> <span class='ocrx_word' id='word_1_140' title='bbox 1236 1878 1294 1940; x_wconf 88' lang='lat' dir='ltr'><strong>im-</strong></span> 
     </span>
     <span class='ocr_line' id='line_1_16' title="bbox 127 1979 1300 2066; baseline 0.005 -22"><span class='ocrx_word' id='word_1_141' title='bbox 127 1981 284 2056; x_wconf 82' lang='lat' dir='ltr'><strong>mutabile3</strong></span> <span class='ocrx_word' id='word_1_142' title='bbox 300 1980 588 2044; x_wconf 82' lang='lat' dir='ltr'><strong>Ambrosinevertit</strong></span> <span class='ocrx_word' id='word_1_143' title='bbox 603 1979 676 2042; x_wconf 93' lang='lat' dir='ltr'><strong>illud</strong></span> <span class='ocrx_word' id='word_1_144' title='bbox 686 1997 751 2062; x_wconf 89' lang='lat' dir='ltr'><strong>per:</strong></span> <span class='ocrx_word' id='word_1_145' title='bbox 766 1982 1080 2063; x_wconf 61' lang='lat' dir='ltr'><strong>impraevamcaotta</strong></span> <span class='ocrx_word' id='word_1_146' title='bbox 1095 1985 1300 2066; x_wconf 59' lang='lat' dir='ltr'><strong>Augustinus</strong></span> 
     </span>
     <span class='ocr_line' id='line_1_17' title="bbox 133 2084 1299 2171; baseline 0 -21"><span class='ocrx_word' id='word_1_147' title='bbox 133 2106 201 2171; x_wconf 90' lang='lat' dir='ltr'><strong>per:</strong></span> <span class='ocrx_word' id='word_1_148' title='bbox 225 2087 521 2170; x_wconf 72' lang='lat' dir='ltr'><strong>terrampceseiotte.</strong></span> <span class='ocrx_word' id='word_1_149' title='bbox 544 2122 585 2134; x_wconf 95' lang='lat'><strong>-—</strong></span> <span class='ocrx_word' id='word_1_150' title='bbox 602 2085 800 2150; x_wconf 86' lang='lat' dir='ltr'><strong>Sacerdotium</strong></span> <span class='ocrx_word' id='word_1_151' title='bbox 822 2084 931 2164; x_wconf 79' lang='lat' dir='ltr'><strong>Christi</strong></span> <span class='ocrx_word' id='word_1_152' title='bbox 956 2087 1101 2150; x_wconf 83' lang='lat' dir='ltr'><strong>verissime</strong></span> <span class='ocrx_word' id='word_1_153' title='bbox 1123 2089 1226 2152; x_wconf 89' lang='lat' dir='ltr'><strong>dicitur</strong></span> <span class='ocrx_word' id='word_1_154' title='bbox 1240 2087 1299 2150; x_wconf 91' lang='lat' dir='ltr'><strong>im-</strong></span> 
     </span>
     <span class='ocr_line' id='line_1_18' title="bbox 130 2189 1301 2277; baseline -0.001 -21"><span class='ocrx_word' id='word_1_155' title='bbox 130 2193 292 2268; x_wconf 84' lang='lat' dir='ltr'><strong>mutabile3</strong></span> <span class='ocrx_word' id='word_1_156' title='bbox 316 2191 543 2256; x_wconf 84' lang='lat' dir='ltr'><strong>nam.Ohristus</strong></span> <span class='ocrx_word' id='word_1_157' title='bbox 571 2189 603 2277; x_wconf 86' lang='lat' dir='ltr'><strong>a)</strong></span> <span class='ocrx_word' id='word_1_158' title='bbox 628 2193 741 2254; x_wconf 86' lang='lat' dir='ltr'><strong>nullum</strong></span> <span class='ocrx_word' id='word_1_159' title='bbox 762 2192 792 2254; x_wconf 91' lang='lat' dir='ltr'><strong>in</strong></span> <span class='ocrx_word' id='word_1_160' title='bbox 814 2194 973 2256; x_wconf 86' lang='lat' dir='ltr'><strong>sacerdotio</strong></span> <span class='ocrx_word' id='word_1_161' title='bbox 994 2213 1185 2258; x_wconf 86' lang='lat' dir='ltr'><strong>successorem</strong></span> <span class='ocrx_word' id='word_1_162' title='bbox 1209 2197 1301 2258; x_wconf 89' lang='lat' dir='ltr'><strong>babet</strong></span> 
     </span>
     <span class='ocr_line' id='line_1_19' title="bbox 136 2297 1304 2386; baseline 0 -24"><span class='ocrx_word' id='word_1_163' title='bbox 136 2299 316 2384; x_wconf 83' lang='lat' dir='ltr'><strong>(sacerdotes</strong></span> <span class='ocrx_word' id='word_1_164' title='bbox 331 2300 370 2361; x_wconf 92' lang='lat' dir='ltr'><strong>N.</strong></span> <span class='ocrx_word' id='word_1_165' title='bbox 381 2299 414 2360; x_wconf 87' lang='lat' dir='ltr'><strong>T.</strong></span> <span class='ocrx_word' id='word_1_166' title='bbox 430 2308 545 2360; x_wconf 87' lang='lat' dir='ltr'><strong>tantum</strong></span> <span class='ocrx_word' id='word_1_167' title='bbox 561 2309 630 2360; x_wconf 88' lang='lat' dir='ltr'><strong>sunt</strong></span> <span class='ocrx_word' id='word_1_168' title='bbox 645 2299 706 2360; x_wconf 89' lang='lat' dir='ltr'><strong>eius</strong></span> <span class='ocrx_word' id='word_1_169' title='bbox 720 2297 819 2361; x_wconf 77' lang='lat' dir='ltr'><strong>vicani</strong></span> <span class='ocrx_word' id='word_1_170' title='bbox 834 2309 863 2360; x_wconf 92' lang='lat' dir='ltr'><strong>et</strong></span> <span class='ocrx_word' id='word_1_171' title='bbox 878 2300 1027 2380; x_wconf 81' lang='lat' dir='ltr'><strong>ministri);</strong></span> <span class='ocrx_word' id='word_1_172' title='bbox 1045 2300 1076 2386; x_wconf 89' lang='lat' dir='ltr'><strong>b)</strong></span> <span class='ocrx_word' id='word_1_173' title='bbox 1093 2321 1145 2384; x_wconf 88' lang='lat' dir='ltr'><strong>per</strong></span> <span class='ocrx_word' id='word_1_174' title='bbox 1158 2301 1304 2364; x_wconf 86' lang='lat' dir='ltr'><strong>ministros</strong></span> 
     </span>
     <span class='ocr_line' id='line_1_20' title="bbox 130 2403 1295 2489; baseline -0.001 -20"><span class='ocrx_word' id='word_1_175' title='bbox 130 2427 199 2469; x_wconf 86' lang='lat' dir='ltr'><strong>suos</strong></span> <span class='ocrx_word' id='word_1_176' title='bbox 214 2406 245 2468; x_wconf 90' lang='lat' dir='ltr'><strong>iu</strong></span> <span class='ocrx_word' id='word_1_177' title='bbox 261 2405 390 2468; x_wconf 83' lang='lat' dir='ltr'><strong>Ecclesia</strong></span> <span class='ocrx_word' id='word_1_178' title='bbox 404 2425 494 2485; x_wconf 90' lang='lat' dir='ltr'><strong>usque</strong></span> <span class='ocrx_word' id='word_1_179' title='bbox 509 2407 547 2466; x_wconf 93' lang='lat' dir='ltr'><strong>ad</strong></span> <span class='ocrx_word' id='word_1_180' title='bbox 563 2406 649 2466; x_wconf 89' lang='lat' dir='ltr'><strong>finem</strong></span> <span class='ocrx_word' id='word_1_181' title='bbox 664 2405 764 2466; x_wconf 88' lang='lat' dir='ltr'><strong>mundi</strong></span> <span class='ocrx_word' id='word_1_182' title='bbox 779 2403 862 2466; x_wconf 82' lang='lat' dir='ltr'><strong>offert</strong></span> <span class='ocrx_word' id='word_1_183' title='bbox 877 2405 1046 2470; x_wconf 82' lang='lat' dir='ltr'><strong>sacrificium</strong></span> <span class='ocrx_word' id='word_1_184' title='bbox 1063 2409 1181 2484; x_wconf 87' lang='lat' dir='ltr'><strong>Missae,</strong></span> <span class='ocrx_word' id='word_1_185' title='bbox 1196 2408 1226 2470; x_wconf 90' lang='lat' dir='ltr'><strong>in</strong></span> <span class='ocrx_word' id='word_1_186' title='bbox 1238 2428 1295 2489; x_wconf 93' lang='lat' dir='ltr'><strong>quo</strong></span> 
     </span>
     <span class='ocr_line' id='line_1_21' title="bbox 131 2511 1301 2600; baseline 0 -24"><span class='ocrx_word' id='word_1_187' title='bbox 131 2514 193 2596; x_wconf 91' lang='lat' dir='ltr'><strong>ipse</strong></span> <span class='ocrx_word' id='word_1_188' title='bbox 209 2511 329 2576; x_wconf 87' lang='lat' dir='ltr'><strong>victima</strong></span> <span class='ocrx_word' id='word_1_189' title='bbox 343 2521 388 2574; x_wconf 88' lang='lat' dir='ltr'><strong>est</strong></span> <span class='ocrx_word' id='word_1_190' title='bbox 403 2523 432 2574; x_wconf 92' lang='lat' dir='ltr'><strong>et</strong></span> <span class='ocrx_word' id='word_1_191' title='bbox 447 2513 567 2574; x_wconf 85' lang='lat' dir='ltr'><strong>offerens</strong></span> <span class='ocrx_word' id='word_1_192' title='bbox 582 2511 750 2596; x_wconf 88' lang='lat' dir='ltr'><strong>principalis</strong></span> <span class='ocrx_word' id='word_1_193' title='bbox 771 2511 817 2596; x_wconf 91' lang='lat' dir='ltr'><strong>(ut</strong></span> <span class='ocrx_word' id='word_1_194' title='bbox 832 2514 915 2574; x_wconf 91' lang='lat' dir='ltr'><strong>docet</strong></span> <span class='ocrx_word' id='word_1_195' title='bbox 930 2511 1014 2576; x_wconf 84' lang='lat' dir='ltr'><strong>Gona</strong></span> <span class='ocrx_word' id='word_1_196' title='bbox 1030 2512 1140 2600; x_wconf 86' lang='lat' dir='ltr'><strong>Trid.);</strong></span> <span class='ocrx_word' id='word_1_197' title='bbox 1163 2513 1192 2599; x_wconf 90' lang='lat' dir='ltr'><strong>c)</strong></span> <span class='ocrx_word' id='word_1_198' title='bbox 1209 2513 1301 2576; x_wconf 86' lang='lat' dir='ltr'><strong>sacri-</strong></span> 
     </span>
     <span class='ocr_line' id='line_1_22' title="bbox 131 2616 1301 2704; baseline 0 -22"><span class='ocrx_word' id='word_1_199' title='bbox 131 2620 230 2684; x_wconf 87' lang='lat' dir='ltr'><strong>ficium</strong></span> <span class='ocrx_word' id='word_1_200' title='bbox 246 2619 307 2682; x_wconf 90' lang='lat' dir='ltr'><strong>eius</strong></span> <span class='ocrx_word' id='word_1_201' title='bbox 324 2616 419 2704; x_wconf 91' lang='lat' dir='ltr'><strong>(cuius</strong></span> <span class='ocrx_word' id='word_1_202' title='bbox 433 2618 667 2682; x_wconf 88' lang='lat' dir='ltr'><strong>commemoratio</strong></span> <span class='ocrx_word' id='word_1_203' title='bbox 689 2628 718 2679; x_wconf 93' lang='lat' dir='ltr'><strong>et</strong></span> <span class='ocrx_word' id='word_1_204' title='bbox 737 2619 964 2700; x_wconf 84' lang='lat' dir='ltr'><strong>repraesentatio</strong></span> <span class='ocrx_word' id='word_1_205' title='bbox 982 2630 1032 2682; x_wconf 87' lang='lat' dir='ltr'><strong>est</strong></span> <span class='ocrx_word' id='word_1_206' title='bbox 1053 2619 1222 2682; x_wconf 87' lang='lat' dir='ltr'><strong>sacrificium</strong></span> <span class='ocrx_word' id='word_1_207' title='bbox 1239 2621 1301 2682; x_wconf 83' lang='lat' dir='ltr'><strong>Eu-</strong></span> 
     </span>
     <span class='ocr_line' id='line_1_23' title="bbox 134 2723 1297 2809; baseline -0.001 -19"><span class='ocrx_word' id='word_1_208' title='bbox 134 2723 334 2809; x_wconf 89' lang='lat' dir='ltr'><strong>charistioum)</strong></span> <span class='ocrx_word' id='word_1_209' title='bbox 349 2725 485 2788; x_wconf 88' lang='lat' dir='ltr'><strong>virtutem</strong></span> <span class='ocrx_word' id='word_1_210' title='bbox 502 2727 749 2788; x_wconf 89' lang='lat' dir='ltr'><strong>habetaeternam</strong></span> <span class='ocrx_word' id='word_1_211' title='bbox 759 2725 893 2788; x_wconf 86' lang='lat' dir='ltr'><strong>salvandi</strong></span> <span class='ocrx_word' id='word_1_212' title='bbox 903 2746 1010 2800; x_wconf 89' lang='lat' dir='ltr'><strong>ornnes,</strong></span> <span class='ocrx_word' id='word_1_213' title='bbox 1026 2738 1059 2788; x_wconf 92' lang='lat' dir='ltr'><strong>ut</strong></span> <span class='ocrx_word' id='word_1_214' title='bbox 1068 2747 1095 2788; x_wconf 90' lang='lat' dir='ltr'><strong>v.</strong></span> <span class='ocrx_word' id='word_1_215' title='bbox 1111 2747 1170 2808; x_wconf 90' lang='lat' dir='ltr'><strong>seq.</strong></span> <span class='ocrx_word' id='word_1_216' title='bbox 1185 2727 1297 2800; x_wconf 91' lang='lat' dir='ltr'><strong>dicitur,</strong></span> 
     </span>
     <span class='ocr_line' id='line_1_24' title="bbox 133 2830 1299 2918; baseline -0.001 -23"><span class='ocrx_word' id='word_1_217' title='bbox 133 2842 276 2914; x_wconf 90' lang='lat' dir='ltr'><strong>quotquot</strong></span> <span class='ocrx_word' id='word_1_218' title='bbox 290 2850 342 2914; x_wconf 88' lang='lat' dir='ltr'><strong>per</strong></span> <span class='ocrx_word' id='word_1_219' title='bbox 357 2851 423 2893; x_wconf 90' lang='lat' dir='ltr'><strong>eum</strong></span> <span class='ocrx_word' id='word_1_220' title='bbox 438 2834 477 2894; x_wconf 90' lang='lat' dir='ltr'><strong>ad</strong></span> <span class='ocrx_word' id='word_1_221' title='bbox 491 2834 586 2894; x_wconf 88' lang='lat' dir='ltr'><strong>Deum</strong></span> <span class='ocrx_word' id='word_1_222' title='bbox 602 2833 757 2906; x_wconf 89' lang='lat' dir='ltr'><strong>accedunt;</strong></span> <span class='ocrx_word' id='word_1_223' title='bbox 779 2832 902 2912; x_wconf 90' lang='lat' dir='ltr'><strong>denique</strong></span> <span class='ocrx_word' id='word_1_224' title='bbox 923 2830 956 2918; x_wconf 95' lang='lat' dir='ltr'><strong>d)</strong></span> <span class='ocrx_word' id='word_1_225' title='bbox 973 2831 1061 2894; x_wconf 90' lang='lat' dir='ltr'><strong>etiam</strong></span> <span class='ocrx_word' id='word_1_226' title='bbox 1084 2833 1114 2896; x_wconf 89' lang='lat' dir='ltr'><strong>in</strong></span> <span class='ocrx_word' id='word_1_227' title='bbox 1129 2833 1216 2896; x_wconf 87' lang='lat' dir='ltr'><strong>coelis</strong></span> <span class='ocrx_word' id='word_1_228' title='bbox 1231 2851 1299 2915; x_wconf 89' lang='lat' dir='ltr'><strong>per-</strong></span> 
     </span>
     <span class='ocr_line' id='line_1_25' title="bbox 132 2937 1298 3022; baseline 0 -22"><span class='ocrx_word' id='word_1_229' title='bbox 132 2949 220 3022; x_wconf 92' lang='lat' dir='ltr'><strong>petuo</strong></span> <span class='ocrx_word' id='word_1_230' title='bbox 235 2937 385 3009; x_wconf 87' lang='lat' dir='ltr'><strong>continuat</strong></span> <span class='ocrx_word' id='word_1_231' title='bbox 399 2938 569 3000; x_wconf 85' lang='lat' dir='ltr'><strong>sacrificium</strong></span> <span class='ocrx_word' id='word_1_232' title='bbox 583 2957 677 3012; x_wconf 90' lang='lat' dir='ltr'><strong>suum,</strong></span> <span class='ocrx_word' id='word_1_233' title='bbox 693 2937 801 3000; x_wconf 89' lang='lat' dir='ltr'><strong>scilicet</strong></span> <span class='ocrx_word' id='word_1_234' title='bbox 814 2939 877 3000; x_wconf 87' lang='lat' dir='ltr'><strong>Deo</strong></span> <span class='ocrx_word' id='word_1_235' title='bbox 892 2939 975 3001; x_wconf 89' lang='lat' dir='ltr'><strong>Patri</strong></span> <span class='ocrx_word' id='word_1_236' title='bbox 990 2939 1063 3002; x_wconf 92' lang='lat' dir='ltr'><strong>illud</strong></span> <span class='ocrx_word' id='word_1_237' title='bbox 1079 2939 1231 3012; x_wconf 81' lang='lat' dir='ltr'><strong>offerendo,</strong></span> <span class='ocrx_word' id='word_1_238' title='bbox 1247 2959 1298 3002; x_wconf 86' lang='lat' dir='ltr'><strong>seu</strong></span> 
     </span>
     <span class='ocr_line' id='line_1_26' title="bbox 133 3044 900 3128; baseline 0.003 -20"><span class='ocrx_word' id='word_1_239' title='bbox 133 3045 198 3110; x_wconf 86' lang='lat' dir='ltr'><strong>coll.</strong></span> <span class='ocrx_word' id='word_1_240' title='bbox 215 3064 242 3106; x_wconf 90' lang='lat' dir='ltr'><strong>v.</strong></span> <span class='ocrx_word' id='word_1_241' title='bbox 259 3065 328 3124; x_wconf 78' lang='lat' dir='ltr'><strong>seq,</strong></span> <span class='ocrx_word' id='word_1_242' title='bbox 345 3063 396 3126; x_wconf 86' lang='lat' dir='ltr'><strong>pro</strong></span> <span class='ocrx_word' id='word_1_243' title='bbox 411 3044 495 3106; x_wconf 90' lang='lat' dir='ltr'><strong>nobis</strong></span> <span class='ocrx_word' id='word_1_244' title='bbox 510 3047 618 3107; x_wconf 89' lang='lat' dir='ltr'><strong>orando</strong></span> <span class='ocrx_word' id='word_1_245' title='bbox 633 3056 663 3106; x_wconf 90' lang='lat' dir='ltr'><strong>et</strong></span> <span class='ocrx_word' id='word_1_246' title='bbox 677 3044 900 3128; x_wconf 84' lang='lat' dir='ltr'><strong>interpellando.</strong></span> 
     </span>
    </p>

    <p class='ocr_par' dir='ltr' id='par_1_4' title="bbox 135 3147 1306 4412">
     <span class='ocr_line' id='line_1_27' title="bbox 225 3147 1297 3240; baseline 0.008 -28"><span class='ocrx_word' id='word_1_247' title='bbox 225 3171 253 3213; x_wconf 91' lang='lat' dir='ltr'><strong>v.</strong></span> <span class='ocrx_word' id='word_1_248' title='bbox 270 3152 322 3219; x_wconf 80' lang='lat'><strong>25.</strong></span> <span class='ocrx_word' id='word_1_249' title='bbox 333 3147 433 3216; x_wconf 76' lang='grc' dir='ltr'><strong>Ὅθεν</strong></span> <span class='ocrx_word' id='word_1_250' title='bbox 448 3156 500 3216; x_wconf 80' lang='grc' dir='ltr'><strong>καὶ</strong></span> <span class='ocrx_word' id='word_1_251' title='bbox 515 3156 617 3226; x_wconf 71' lang='grc' dir='ltr'><strong>σώζειν</strong></span> <span class='ocrx_word' id='word_1_252' title='bbox 632 3150 674 3225; x_wconf 84' lang='grc' dir='ltr'><strong>εἰς</strong></span> <span class='ocrx_word' id='word_1_253' title='bbox 692 3156 726 3216; x_wconf 83' lang='grc' dir='ltr'><strong>τὸ</strong></span> <span class='ocrx_word' id='word_1_254' title='bbox 741 3155 888 3227; x_wconf 83' lang='grc' dir='ltr'><strong>παντελὲς</strong></span> <span class='ocrx_word' id='word_1_255' title='bbox 903 3154 1024 3220; x_wconf 71' lang='lat' dir='ltr'><strong>stuata</strong></span> <span class='ocrx_word' id='word_1_256' title='bbox 1039 3155 1110 3228; x_wconf 81' lang='grc' dir='ltr'><strong>τοὺς</strong></span> <span class='ocrx_word' id='word_1_257' title='bbox 1124 3175 1297 3240; x_wconf 83' lang='grc' dir='ltr'><strong>πρυτερχυ·</strong></span> 
     </span>
     <span class='ocr_line' id='line_1_28' title="bbox 137 3254 1302 3347; baseline 0 -24"><span class='ocrx_word' id='word_1_258' title='bbox 137 3263 246 3345; x_wconf 74' lang='grc' dir='ltr'><strong>μένους</strong></span> <span class='ocrx_word' id='word_1_259' title='bbox 261 3254 298 3322; x_wconf 84' lang='grc' dir='ltr'><strong>δι’</strong></span> <span class='ocrx_word' id='word_1_260' title='bbox 315 3255 406 3324; x_wconf 75' lang='grc' dir='ltr'><strong>αυτοῦ</strong></span> <span class='ocrx_word' id='word_1_261' title='bbox 422 3269 463 3343; x_wconf 84' lang='grc' dir='ltr'><strong>τῷ</strong></span> <span class='ocrx_word' id='word_1_262' title='bbox 479 3255 554 3342; x_wconf 81' lang='grc' dir='ltr'><strong>Θεῷ,</strong></span> <span class='ocrx_word' id='word_1_263' title='bbox 569 3264 696 3324; x_wconf 82' lang='grc' dir='ltr'><strong>πάντοτε</strong></span> <span class='ocrx_word' id='word_1_264' title='bbox 711 3263 777 3332; x_wconf 74' lang='grc' dir='ltr'><strong>ζῶν,</strong></span> <span class='ocrx_word' id='word_1_265' title='bbox 794 3256 835 3324; x_wconf 73' lang='grc' dir='ltr'><strong>εἰς</strong></span> <span class='ocrx_word' id='word_1_266' title='bbox 850 3262 883 3324; x_wconf 83' lang='grc' dir='ltr'><strong>τὸ</strong></span> <span class='ocrx_word' id='word_1_267' title='bbox 899 3257 1086 3347; x_wconf 76' lang='grc' dir='ltr'><strong>ἐντυγχάνειν</strong></span> <span class='ocrx_word' id='word_1_268' title='bbox 1102 3257 1176 3347; x_wconf 76' lang='grc' dir='ltr'><strong>ὑπὲρ</strong></span> <span class='ocrx_word' id='word_1_269' title='bbox 1194 3258 1302 3328; x_wconf 71' lang='lat' dir='ltr'><strong>ababa.</strong></span> 
     </span>
     <span class='ocr_line' id='line_1_29' title="bbox 135 3361 1295 3448; baseline -0.001 -19"><span class='ocrx_word' id='word_1_270' title='bbox 135 3361 289 3430; x_wconf 79' lang='grc' dir='ltr'><strong>-Ὅθεν</strong></span> <span class='ocrx_word' id='word_1_271' title='bbox 311 3365 489 3426; x_wconf 86' lang='lat' dir='ltr'><strong>referendum</strong></span> <span class='ocrx_word' id='word_1_272' title='bbox 512 3373 557 3426; x_wconf 90' lang='lat' dir='ltr'><strong>est</strong></span> <span class='ocrx_word' id='word_1_273' title='bbox 577 3366 615 3427; x_wconf 90' lang='lat' dir='ltr'><strong>ad</strong></span> <span class='ocrx_word' id='word_1_274' title='bbox 634 3364 802 3427; x_wconf 88' lang='lat' dir='ltr'><strong>immediate</strong></span> <span class='ocrx_word' id='word_1_275' title='bbox 822 3367 1030 3448; x_wconf 90' lang='lat' dir='ltr'><strong>praecedentia.</strong></span> <span class='ocrx_word' id='word_1_276' title='bbox 1053 3401 1094 3414; x_wconf 88' lang='lat'>-</span> <span class='ocrx_word' id='word_1_277' title='bbox 1111 3372 1215 3443; x_wconf 71' lang='grc' dir='ltr'><strong>σώζειν</strong></span> <span class='ocrx_word' id='word_1_278' title='bbox 1231 3369 1259 3430; x_wconf 89' lang='lat' dir='ltr'><strong>h.</strong></span> <span class='ocrx_word' id='word_1_279' title='bbox 1276 3369 1295 3429; x_wconf 90' lang='lat' dir='ltr'><strong>l.</strong></span> 
     </span>
     <span class='ocr_line' id='line_1_30' title="bbox 135 3469 1298 3555; baseline 0.003 -20"><span class='ocrx_word' id='word_1_280' title='bbox 135 3474 269 3535; x_wconf 89' lang='lat' dir='ltr'><strong>denotat:</strong></span> <span class='ocrx_word' id='word_1_281' title='bbox 285 3481 466 3554; x_wconf 87' lang='lat' dir='ltr'><strong>peccatorum</strong></span> <span class='ocrx_word' id='word_1_282' title='bbox 481 3469 597 3532; x_wconf 89' lang='lat' dir='ltr'><strong>veniam</strong></span> <span class='ocrx_word' id='word_1_283' title='bbox 612 3482 642 3532; x_wconf 93' lang='lat' dir='ltr'><strong>et</strong></span> <span class='ocrx_word' id='word_1_284' title='bbox 656 3470 824 3534; x_wconf 85' lang='lat' dir='ltr'><strong>felicitatem</strong></span> <span class='ocrx_word' id='word_1_285' title='bbox 847 3491 1000 3555; x_wconf 88' lang='lat' dir='ltr'><strong>perennem</strong></span> <span class='ocrx_word' id='word_1_286' title='bbox 1021 3474 1181 3542; x_wconf 89' lang='lat' dir='ltr'><strong>conciliare.</strong></span> <span class='ocrx_word' id='word_1_287' title='bbox 1198 3511 1240 3520; x_wconf 97' lang='lat'>—</span> <span class='ocrx_word' id='word_1_288' title='bbox 1255 3471 1298 3549; x_wconf 79' lang='grc' dir='ltr'><strong>εἰς</strong></span> 
     </span>
     <span class='ocr_line' id='line_1_31' title="bbox 138 3579 1299 3663; baseline -0.002 -19"><span class='ocrx_word' id='word_1_289' title='bbox 138 3583 173 3644; x_wconf 85' lang='grc' dir='ltr'><strong>τὸ</strong></span> <span class='ocrx_word' id='word_1_290' title='bbox 187 3579 332 3653; x_wconf 81' lang='grc' dir='ltr'><strong>παντελές</strong></span> <span class='ocrx_word' id='word_1_291' title='bbox 354 3579 532 3640; x_wconf 85' lang='lat' dir='ltr'><strong>referendum</strong></span> <span class='ocrx_word' id='word_1_292' title='bbox 547 3579 644 3640; x_wconf 89' lang='lat' dir='ltr'><strong>estad</strong></span> <span class='ocrx_word' id='word_1_293' title='bbox 660 3583 771 3652; x_wconf 77' lang='grc' dir='ltr'><strong>σώζειν,</strong></span> <span class='ocrx_word' id='word_1_294' title='bbox 787 3587 817 3640; x_wconf 90' lang='lat' dir='ltr'><strong>ct</strong></span> <span class='ocrx_word' id='word_1_295' title='bbox 831 3580 966 3643; x_wconf 89' lang='lat' dir='ltr'><strong>denotat:</strong></span> <span class='ocrx_word' id='word_1_296' title='bbox 983 3581 1154 3654; x_wconf 85' lang='lat' dir='ltr'><strong>omnimode,</strong></span> <span class='ocrx_word' id='word_1_297' title='bbox 1176 3583 1299 3663; x_wconf 88' lang='lat' dir='ltr'><strong>perfecte</strong></span> 
     </span>
     <span class='ocr_line' id='line_1_32' title="bbox 142 3683 1303 3774; baseline 0.005 -28"><span class='ocrx_word' id='word_1_298' title='bbox 142 3683 214 3770; x_wconf 92' lang='lat' dir='ltr'><strong>(non</strong></span> <span class='ocrx_word' id='word_1_299' title='bbox 229 3693 336 3759; x_wconf 91' lang='lat' dir='ltr'><strong>autem,</strong></span> <span class='ocrx_word' id='word_1_300' title='bbox 352 3695 386 3748; x_wconf 92' lang='lat' dir='ltr'><strong>ut</strong></span> <span class='ocrx_word' id='word_1_301' title='bbox 401 3684 644 3765; x_wconf 85' lang='lat' dir='ltr'><strong>habetVulgata:</strong></span> <span class='ocrx_word' id='word_1_302' title='bbox 659 3683 689 3746; x_wconf 93' lang='lat' dir='ltr'><strong>in</strong></span> <span class='ocrx_word' id='word_1_303' title='bbox 704 3683 897 3768; x_wconf 91' lang='lat' dir='ltr'><strong>perpetuum).</strong></span> <span class='ocrx_word' id='word_1_304' title='bbox 907 3721 951 3732; x_wconf 89' lang='lat'><strong>-—</strong></span> <span class='ocrx_word' id='word_1_305' title='bbox 966 3686 1100 3748; x_wconf 89' lang='lat' dir='ltr'><strong>Phrasis:</strong></span> <span class='ocrx_word' id='word_1_306' title='bbox 1116 3685 1303 3774; x_wconf 77' lang='grc' dir='ltr'><strong>ἐντυγχάνειν</strong></span> 
     </span>
     <span class='ocr_line' id='line_1_33' title="bbox 137 3789 1300 3874; baseline -0.003 -18"><span class='ocrx_word' id='word_1_307' title='bbox 137 3813 193 3857; x_wconf 90' lang='grc' dir='ltr'><strong>τινι</strong></span> <span class='ocrx_word' id='word_1_308' title='bbox 207 3792 322 3874; x_wconf 89' lang='lat' dir='ltr'><strong>proprie</strong></span> <span class='ocrx_word' id='word_1_309' title='bbox 337 3791 494 3872; x_wconf 86' lang='lat' dir='ltr'><strong>significat:</strong></span> <span class='ocrx_word' id='word_1_310' title='bbox 509 3789 632 3854; x_wconf 91' lang='lat' dir='ltr'><strong>incidere</strong></span> <span class='ocrx_word' id='word_1_311' title='bbox 647 3791 676 3852; x_wconf 91' lang='lat' dir='ltr'><strong>in</strong></span> <span class='ocrx_word' id='word_1_312' title='bbox 692 3791 828 3871; x_wconf 89' lang='lat' dir='ltr'><strong>aliquem,</strong></span> <span class='ocrx_word' id='word_1_313' title='bbox 844 3809 987 3854; x_wconf 89' lang='lat' dir='ltr'><strong>occurrere</strong></span> <span class='ocrx_word' id='word_1_314' title='bbox 1002 3792 1097 3865; x_wconf 90' lang='lat' dir='ltr'><strong>alicui,</strong></span> <span class='ocrx_word' id='word_1_315' title='bbox 1119 3793 1187 3856; x_wconf 93' lang='lat' dir='ltr'><strong>hino</strong></span> <span class='ocrx_word' id='word_1_316' title='bbox 1201 3800 1300 3854; x_wconf 89' lang='lat' dir='ltr'><strong>notat:</strong></span> 
     </span>
     <span class='ocr_line' id='line_1_34' title="bbox 138 3895 1303 3984; baseline -0.001 -24"><span class='ocrx_word' id='word_1_317' title='bbox 138 3897 218 3960; x_wconf 89' lang='lat' dir='ltr'><strong>adire</strong></span> <span class='ocrx_word' id='word_1_318' title='bbox 234 3898 370 3978; x_wconf 88' lang='lat' dir='ltr'><strong>aliquem,</strong></span> <span class='ocrx_word' id='word_1_319' title='bbox 394 3899 442 3959; x_wconf 91' lang='lat' dir='ltr'><strong>vel</strong></span> <span class='ocrx_word' id='word_1_320' title='bbox 457 3907 490 3960; x_wconf 94' lang='lat' dir='ltr'><strong>ut</strong></span> <span class='ocrx_word' id='word_1_321' title='bbox 505 3917 571 3959; x_wconf 92' lang='lat' dir='ltr'><strong>enm</strong></span> <span class='ocrx_word' id='word_1_322' title='bbox 593 3917 709 3960; x_wconf 86' lang='lat' dir='ltr'><strong>accuses</strong></span> <span class='ocrx_word' id='word_1_323' title='bbox 731 3895 820 3982; x_wconf 91' lang='lat' dir='ltr'><strong>(uude</strong></span> <span class='ocrx_word' id='word_1_324' title='bbox 836 3895 1024 3984; x_wconf 74' lang='grc' dir='ltr'><strong>ἐντυγχάνειν</strong></span> <span class='ocrx_word' id='word_1_325' title='bbox 1047 3908 1183 3979; x_wconf 85' lang='lat' dir='ltr'><strong>sequente</strong></span> <span class='ocrx_word' id='word_1_326' title='bbox 1205 3917 1303 3981; x_wconf 88' lang='lat' dir='ltr'><strong>praep.</strong></span> 
     </span>
     <span class='ocr_line' id='line_1_35' title="bbox 139 4003 1305 4085; baseline -0.003 -15"><span class='ocrx_word' id='word_1_327' title='bbox 139 4011 221 4072; x_wconf 77' lang='grc' dir='ltr'><strong>κατά</strong></span> <span class='ocrx_word' id='word_1_328' title='bbox 235 4005 359 4067; x_wconf 90' lang='lat' dir='ltr'><strong>indicat:</strong></span> <span class='ocrx_word' id='word_1_329' title='bbox 375 4022 508 4067; x_wconf 83' lang='lat' dir='ltr'><strong>accusare</strong></span> <span class='ocrx_word' id='word_1_330' title='bbox 524 4003 675 4085; x_wconf 84' lang='lat' dir='ltr'><strong>aliquem),</strong></span> <span class='ocrx_word' id='word_1_331' title='bbox 703 4003 750 4064; x_wconf 91' lang='lat' dir='ltr'><strong>vel</strong></span> <span class='ocrx_word' id='word_1_332' title='bbox 770 4014 804 4066; x_wconf 92' lang='lat' dir='ltr'><strong>ut</strong></span> <span class='ocrx_word' id='word_1_333' title='bbox 824 4003 927 4084; x_wconf 90' lang='lat' dir='ltr'><strong>quovis</strong></span> <span class='ocrx_word' id='word_1_334' title='bbox 943 4005 1028 4066; x_wconf 90' lang='lat' dir='ltr'><strong>modo</strong></span> <span class='ocrx_word' id='word_1_335' title='bbox 1043 4023 1162 4066; x_wconf 90' lang='lat' dir='ltr'><strong>cansam</strong></span> <span class='ocrx_word' id='word_1_336' title='bbox 1183 4004 1305 4066; x_wconf 90' lang='lat' dir='ltr'><strong>alicuius</strong></span> 
     </span>
     <span class='ocr_line' id='line_1_36' title="bbox 139 4109 1304 4192; baseline -0.001 -19"><span class='ocrx_word' id='word_1_337' title='bbox 139 4131 226 4192; x_wconf 82' lang='lat' dir='ltr'><strong>agas3</strong></span> <span class='ocrx_word' id='word_1_338' title='bbox 241 4111 310 4174; x_wconf 90' lang='lat' dir='ltr'><strong>hino</strong></span> <span class='ocrx_word' id='word_1_339' title='bbox 319 4111 406 4172; x_wconf 89' lang='lat' dir='ltr'><strong>etiam</strong></span> <span class='ocrx_word' id='word_1_340' title='bbox 415 4111 509 4173; x_wconf 87' lang='lat' dir='ltr'><strong>valet:</strong></span> <span class='ocrx_word' id='word_1_341' title='bbox 525 4131 644 4174; x_wconf 90' lang='lat' dir='ltr'><strong>causam</strong></span> <span class='ocrx_word' id='word_1_342' title='bbox 663 4109 785 4174; x_wconf 89' lang='lat' dir='ltr'><strong>alicuius</strong></span> <span class='ocrx_word' id='word_1_343' title='bbox 799 4128 883 4190; x_wconf 83' lang='lat' dir='ltr'><strong>agere</strong></span> <span class='ocrx_word' id='word_1_344' title='bbox 888 4129 897 4184; x_wconf 92' lang='lat'>;</span> <span class='ocrx_word' id='word_1_345' title='bbox 913 4110 961 4172; x_wconf 90' lang='lat' dir='ltr'><strong>val</strong></span> <span class='ocrx_word' id='word_1_346' title='bbox 977 4119 1011 4172; x_wconf 94' lang='lat' dir='ltr'><strong>ut</strong></span> <span class='ocrx_word' id='word_1_347' title='bbox 1019 4109 1072 4172; x_wconf 91' lang='lat' dir='ltr'><strong>tibi</strong></span> <span class='ocrx_word' id='word_1_348' title='bbox 1088 4112 1127 4173; x_wconf 92' lang='lat' dir='ltr'><strong>ab</strong></span> <span class='ocrx_word' id='word_1_349' title='bbox 1142 4111 1235 4176; x_wconf 89' lang='lat' dir='ltr'><strong>altero</strong></span> <span class='ocrx_word' id='word_1_350' title='bbox 1246 4111 1304 4174; x_wconf 90' lang='lat' dir='ltr'><strong>ali-</strong></span> 
     </span>
     <span class='ocr_line' id='line_1_37' title="bbox 139 4216 1306 4300; baseline 0 -21"><span class='ocrx_word' id='word_1_351' title='bbox 139 4218 210 4299; x_wconf 92' lang='lat' dir='ltr'><strong>quid</strong></span> <span class='ocrx_word' id='word_1_352' title='bbox 225 4226 354 4300; x_wconf 83' lang='lat' dir='ltr'><strong>expetae,</strong></span> <span class='ocrx_word' id='word_1_353' title='bbox 370 4218 459 4279; x_wconf 90' lang='lat' dir='ltr'><strong>unde:</strong></span> <span class='ocrx_word' id='word_1_354' title='bbox 485 4235 583 4298; x_wconf 89' lang='lat' dir='ltr'><strong>preces</strong></span> <span class='ocrx_word' id='word_1_355' title='bbox 598 4219 705 4293; x_wconf 81' lang='lat' dir='ltr'><strong>facere3</strong></span> <span class='ocrx_word' id='word_1_356' title='bbox 729 4216 777 4278; x_wconf 89' lang='lat' dir='ltr'><strong>vel</strong></span> <span class='ocrx_word' id='word_1_357' title='bbox 791 4225 825 4278; x_wconf 89' lang='lat' dir='ltr'><strong>nt</strong></span> <span class='ocrx_word' id='word_1_358' title='bbox 839 4216 997 4298; x_wconf 89' lang='lat' dir='ltr'><strong>depreceris</strong></span> <span class='ocrx_word' id='word_1_359' title='bbox 1011 4235 1064 4298; x_wconf 90' lang='lat' dir='ltr'><strong>pro</strong></span> <span class='ocrx_word' id='word_1_360' title='bbox 1078 4216 1186 4298; x_wconf 92' lang='lat' dir='ltr'><strong>aliquo,</strong></span> <span class='ocrx_word' id='word_1_361' title='bbox 1201 4216 1306 4281; x_wconf 90' lang='lat' dir='ltr'><strong>hiuoet</strong></span> 
     </span>
     <span class='ocr_line' id='line_1_38' title="bbox 139 4318 1305 4412; baseline 0.002 -26"><span class='ocrx_word' id='word_1_362' title='bbox 139 4323 309 4408; x_wconf 89' lang='lat' dir='ltr'><strong>simpliciter</strong></span> <span class='ocrx_word' id='word_1_363' title='bbox 324 4331 354 4384; x_wconf 93' lang='lat' dir='ltr'><strong>et</strong></span> <span class='ocrx_word' id='word_1_364' title='bbox 369 4323 459 4408; x_wconf 81' lang='lat' dir='ltr'><strong>(utlt</strong></span> <span class='ocrx_word' id='word_1_365' title='bbox 476 4321 510 4412; x_wconf 90' lang='lat' dir='ltr'><strong>l.)</strong></span> <span class='ocrx_word' id='word_1_366' title='bbox 527 4325 628 4389; x_wconf 88' lang='lat' dir='ltr'><strong>addita</strong></span> <span class='ocrx_word' id='word_1_367' title='bbox 651 4322 864 4408; x_wconf 88' lang='lat' dir='ltr'><strong>praepositione</strong></span> <span class='ocrx_word' id='word_1_368' title='bbox 884 4318 959 4409; x_wconf 74' lang='grc' dir='ltr'><strong>ὓπερ</strong></span> <span class='ocrx_word' id='word_1_369' title='bbox 984 4321 1122 4406; x_wconf 88' lang='lat' dir='ltr'><strong>positum:</strong></span> <span class='ocrx_word' id='word_1_370' title='bbox 1145 4324 1305 4412; x_wconf 85' lang='lat' dir='ltr'><strong>deprecari;</strong></span> 
     </span>
    </p>
   </div>
   <div class='ocr_carea' id='block_1_3' title="bbox 0 0 1556 4894">
    <p class='ocr_par' dir='ltr' id='par_1_5' title="bbox 0 0 1556 4894">
     <span class='ocr_line' id='line_1_39' title="bbox 0 0 1556 4894; baseline 0 0"><span class='ocrx_word' id='word_1_371' title='bbox 0 0 1556 4894; x_wconf 95' lang='lat' dir='ltr'><strong> </strong></span> 
     </span>
    </p>
   </div>
  </div>
 </body>
</html>
