3096 4886
596 323 720 385 Εῐνοεῑνίν
739 323 784 374 xl.
802 320 826 372 ³·
1008 403 1012 410 ι
1047 253 1054 275 Ι
1232 321 1289 388 181

130 504 194 568 soil.
210 503 240 566 in
255 525 277 566 a
294 503 453 585 Soriptura,
467 536 512 550 -
527 498 555 568 οἱ
576 505 770 589 προοβότεμοι
791 511 860 564 suut
880 501 977 576 iidem,
998 501 1049 583 qui
1068 501 1144 563 alias
1163 500 1296 564 diountur

130 607 159 676 oi
173 615 310 696 πατέρες,
325 630 376 672 seu
392 607 420 675 ol
434 607 567 696 ἀρχαῖοι,
589 625 711 690 quornm
726 609 849 672 virtutes
863 617 893 669 et
906 607 1011 671 merita
1031 606 1062 669 in
1076 606 1191 689 seriptis
1204 607 1245 673 V.
1260 607 1296 672 T.

125 716 291 780 laudantur.
492 789 499 794 ,

216 843 245 888 v.
261 825 290 889 3.
306 821 410 889 Πίστει
425 833 559 908 νοοῦμεν,
576 826 778 909 κατηρτίσθαι
793 823 864 895 τοὺς
886 819 995 895 αἰῶνας
1018 818 1128 909 ῥήματι
1151 803 1229 886 Θεοῦ
1251 817 1294 893 εἰς

125 934 159 996 τὸ
176 935 218 1018 μὴ
235 928 272 994 ἐκ
288 936 474 1016 φαινομένων
491 934 524 996 τὸ
540 930 722 1016 βλεπόμενον
737 934 898 1011 γεγονέναι.
914 963 958 974 -
972 927 1135 1009 Apostolus
1157 925 1293 1007 proponit

124 1039 231 1118 dogma
252 1036 472 1099 fundamentale
493 1045 557 1098 tum
579 1036 800 1119 metaphysioes,
823 1045 887 1098 tum
908 1034 1061 1116 religionis,
1090 1035 1166 1116 quod
1188 1033 1292 1114 dogma

125 1143 317 1206 neeessariam
332 1143 461 1224 integrae
476 1145 512 1204 de
526 1142 622 1204 salute
635 1143 795 1206 'christiana
809 1142 956 1206 doetrinae
978 1140 1207 1223 suppositionem
1221 1159 1292 1204 oon-

123 1250 237 1328 stituit3
253 1250 362 1314 soilioet
376 1252 517 1312 mundum
533 1249 687 1324 visibilem,
702 1248 804 1331 inquo
821 1249 953 1324 vivimus,
968 1258 1064 1312 ortum
1080 1268 1165 1312 suum
1180 1266 1238 1310 non
1253 1267 1290 1310 ex

127 1356 251 1420 materia
274 1359 402 1438 quadam
416 1366 535 1420 aeterna
550 1357 667 1431 habere,
692 1377 744 1418 neo
767 1356 898 1438 potentia
912 1358 1040 1438 quadam
1055 1375 1139 1419 ooeoa
1153 1352 1290 1427 naturali,

123 1464 175 1525 sed
189 1463 287 1544 potius
302 1463 455 1546 spirituali,
470 1463 529 1524 imo
544 1463 787 1544 spiritualissime,
802 1462 911 1526 soilioet
923 1461 1117 1544 omnipotenti
1130 1461 1187 1524 Dei
1202 1462 1291 1523 verbo

123 1571 294 1650 productum
310 1590 380 1637 esse,
413 1569 464 1632 Ab
474 1571 530 1632 hae
538 1569 680 1633 oreatione
695 1569 794 1632 mundi
804 1571 920 1651 probat,
934 1569 1128 1636 auersatam
1143 1587 1189 1631 res
1203 1585 1291 1648 prae-

121 1675 222 1739 teritas
238 1686 376 1758 spectare,
392 1695 467 1758 quae
482 1695 540 1738 nou
549 1676 579 1738 in
594 1696 695 1738 sensus
703 1675 858 1750 incusant,
873 1680 911 1743 τὰ
927 1673 962 1742 ob
972 1678 1151 1763 βλεπόμενα
1168 1692 1290 1754 eamque

120 1802 182 1844 esse
197 1783 387 1846 certissimam
403 1781 619 1864 persuasionem
634 1783 670 1844 de
684 1782 807 1846 veritate
816 1799 923 1856 eorum,
938 1801 1013 1866 quae
1028 1781 1059 1844 in
1074 1779 1156 1844 libris
1171 1799 1209 1842 ss.
1219 1798 1289 1842 oon-

52 1902 55 1908 ·
122 1889 239 1970 signata
254 1899 284 1952 et
298 1909 314 1952 e
329 1889 384 1952 Dei
406 1889 490 1970 quasi
511 1907 559 1950 ore
578 1890 705 1970 prolaeta
719 1889 861 1970 legantur,
877 1925 919 1936 —
936 1889 993 1951 Per
1014 1891 1084 1962 τοὺς
1100 1884 1209 1960 αἰῶνας
1223 1904 1289 1948 om-

121 1995 190 2058 niuo
205 1995 376 2077 intelligitur
390 1997 516 2058 mundus
531 1995 690 2058 universus.
707 2031 747 2042 -
766 1991 849 2085 ῥῆμα
865 1994 951 2070 Θεοῦ,
973 2014 1025 2077 per
1038 1997 1128 2070 hebr,
1150 1993 1288 2056 voluntas

119 2101 183 2166 Dei.
201 2138 244 2148 -
260 2104 377 2166 Verba:
393 2108 435 2192 μὴ
451 2101 487 2167 ἐκ
503 2108 689 2188 φαινομένων
704 2103 783 2164 haud
806 2102 891 2183 pauoi
914 2102 1086 2184 interpretes
1107 2100 1204 2183 posita
1226 2119 1288 2162 esse

122 2217 264 2288 putarunt
278 2225 345 2290 pro:
361 2208 397 2274 ἐκ
408 2213 451 2298 μὴ
460 2215 655 2295 μαινομένων,
670 2208 760 2272 seouti
769 2209 971 2272 auotoritatem
980 2209 1120 2272 versionis
1134 2208 1288 2290 ομιόαοαα,

126 2313 281 2398 Vulgotoe
302 2313 391 2400 (quae
412 2316 518 2378 habet:
540 2335 577 2377 ex
599 2311 818 2402 invisibilibus),
842 2313 1066 2399 Cltrysostomi,
1089 2315 1287 2388 taenaron,

120 2423 303 2484 Oemomeoii
318 2431 348 2485 et
362 2419 593 2504 Cl’booplylootr'.
622 2423 725 2485 Verba
746 2423 846 2504 itaque
860 2422 1060 2486 reddiderunt:
1084 2422 1127 2484 ita
1141 2430 1176 2484 ut
1190 2440 1228 2482 ex
1242 2419 1287 2494 iis,

117 2545 193 2608 quae
218 2545 275 2590 non
297 2525 461 2590 viderentur
486 2524 576 2613 (quae
597 2547 655 2590 non
670 2525 851 2614 existerent),
866 2549 910 2603 ea,
934 2548 1009 2609 quae
1033 2547 1109 2590 nuno
1123 2534 1287 2600 oemuutur,

114 2635 194 2694 laeta
209 2632 282 2708 sint;
297 2632 316 2698 i.
330 2653 355 2694 e.
371 2643 405 2695 ut
415 2653 456 2696 ex
471 2632 704 2696 nihilomundus
718 2643 832 2701 oreatus
848 2635 894 2698 sit
926 2633 1036 2698 Contra
1058 2651 1126 2696 vero
1141 2631 1193 2694 alii
1208 2632 1285 2696 bauo

116 2739 368 2820 transpositionem
378 2739 563 2802 arbitrariam
579 2761 650 2814 esse,
666 2750 696 2803 et
705 2742 828 2822 negandi
845 2741 1018 2822 partioulam
1035 2742 1122 2828 μήοό
1132 2743 1284 2822 γεγονέναι
1401 2737 1403 2742 ’

117 2845 217 2908 referri
241 2847 345 2908 debere
369 2847 526 2910 rectissime
549 2847 721 2923 iudicarunt,
743 2857 772 2910 et
786 2847 906 2928 proinde
919 2849 1089 2910 vertendum
1112 2865 1174 2910 esse
1196 2853 1285 2927 puta-

114 2961 197 3014 runt:
213 2951 256 3014 ita
270 2961 304 3014 ut
319 2973 356 3016 ex
371 2953 494 3016 materia
509 2953 618 3016 visibili
633 2953 705 3040 (iam
722 2954 864 3016 existente
885 2953 921 3019 ἐμ
937 2950 1136 3042 φαινομένων)
1158 2953 1284 3016 mundus

117 3061 164 3132 (τὸ
181 3058 378 3146 βλεπόμενον)
393 3069 506 3122 oreatus
521 3081 578 3124 non
593 3061 632 3122 sit
648 3059 704 3145 (εἰς
719 3067 753 3128 τό
770 3066 811 3150 μὴ
826 3060 1000 3144 γεγονέναι).
1030 3061 1093 3124 Nos
1108 3080 1184 3123 nuno
1198 3059 1282 3122 ride-

114 3185 180 3228 mus
195 3167 312 3228 arbores
327 3186 364 3228 ex
380 3166 531 3228 arboribus
546 3166 632 3247 gigni,
648 3166 810 3229 animantia
824 3187 862 3230 ex
876 3167 1083 3240 animantibus,
1098 3167 1230 3230 homines
1245 3187 1282 3228 ex

117 3271 294 3339 hominibus.
324 3272 384 3336 Ast
398 3275 510 3356 primae
526 3275 652 3346 arbores,
667 3273 763 3354 prima
777 3273 947 3348 animantia,
969 3273 1054 3356 primi
1076 3274 1209 3338 homines
1224 3293 1282 3336 nou

114 3379 283 3442 babuerunt
304 3389 399 3442 ortum
419 3401 435 3441 e
457 3379 576 3454 talibus,
597 3379 697 3460 qualia
718 3401 794 3444 nuno
823 3389 992 3456 oemuntur3
1013 3383 1064 3444 sed
1088 3382 1144 3444 lide
1166 3380 1281 3455 suimus,

119 3485 218 3548 omnia
233 3482 330 3550 aDeo
346 3505 409 3548 esse
424 3496 536 3561 oreata3
558 3496 622 3548 tota
636 3488 737 3550 mundi
751 3488 858 3550 oreatio
879 3488 1023 3552 obiectum
1045 3487 1195 3551 oonstituit
1209 3487 1292 3550 fidei..

202 3593 355 3660 vad—6.
364 3594 479 3673 Dogma
486 3595 522 3655 de
531 3593 673 3656 creatione
681 3595 780 3656 mundi
789 3612 840 3674 per
848 3594 1074 3676 omnipotentem
1081 3593 1282 3656 Deivirtutem

111 3697 262 3777 generales
278 3700 421 3778 quasdam
443 3698 590 3780 religiosas
611 3699 759 3774 veritates,
780 3721 810 3766 v.
826 3701 855 3766 6.
877 3701 1028 3774 indioatas,
1050 3699 1182 3773 involvit,
1204 3719 1280 3780 quas
1381 3729 1385 3738 ·

108 3814 237 3864 tenorem
248 3802 392 3883 religionis
401 3803 567 3885 primaevae
577 3805 768 3882 eonstituunt3
778 3805 1281 3887 quaooufessoreshuiusprimaevae

109 3907 223 3989 generis
237 3907 359 3970 humani
384 3909 529 3991 religionis
551 3921 581 3973 et
602 3912 668 3974 fidei
683 3912 764 3976 Abel
786 3921 816 3974 et
829 3914 961 3976 Henoolt
982 3911 1041 3996 (rr.
1058 3913 1088 3977 4.
1104 3920 1133 3972 et
1148 3907 1193 3996 b.)
1210 3928 1280 3992 pro-

107 4015 260 4082 ducuntur,
291 4015 438 4094 Dogmata
453 4017 540 4078 huius
555 4017 721 4097 primaevae
741 4017 887 4099 religionis
910 4027 1006 4080 eraut:
1029 4015 1061 4100 a)
1079 4019 1189 4082 Deum
1205 4037 1279 4094 esse,

106 4120 229 4200 ideoque
240 4119 403 4184 coendum
414 4141 496 4194 στοας
511 4123 662 4204 exemplar
670 4123 766 4186 oultus
775 4123 861 4186 huius
870 4123 936 4204 pius
945 4124 1027 4188 Abel
1035 4124 1156 4188 exhibet
1165 4120 1206 4210 (v.
1217 4121 1278 4208 4.);

105 4223 140 4310 b)
159 4227 270 4302 Deum
284 4227 517 4306 inquirentibus
531 4248 564 4292 so
577 4239 846 4296 emanationem
860 4249 933 4306 esre,
959 4232 1036 4312 quod
1052 4228 1274 4316 exemploJHe-

102 4333 195 4396 mom
207 4333 298 4398 a-Doo
313 4331 709 4423 translatioomprobatur(v.
724 4332 776 4421 5.).
807 4336 889 4402 Haeo
897 4335 1109 4422 primaevorum
1119 4339 1276 4404 hominurn
