3096 4886
551 331 869 408 moruorum-16.
1230 333 1291 399 mr

124 523 239 602 γελίας,
255 519 339 586 ἀλλὰ
354 517 514 606 πόρρωθεν
530 515 624 594 αὐτὰς
636 515 749 595 ἰδόντες
772 525 823 586 οιαὶ
840 519 1054 606 ἀσπασάμενοι,
1070 523 1122 587 καί
1137 517 1292 606 ὁμολογή-

126 649 246 703 σαντες,
262 625 307 693 bn
323 627 401 702 ξένοι
423 632 475 693 οιαὶ
490 627 691 714 παρεπίδημοί
712 623 782 692 εἰσιν
805 625 852 691 ἐπὶ
867 639 922 716 τῆς
944 639 1009 715 γῆς.
1025 662 1068 674 -
1087 625 1172 698 Quae
1187 629 1226 690 ab
1243 628 1297 689 hoc

125 753 212 797 versu
230 753 321 816 nsque
336 734 374 795 ad
389 753 419 801 v.
436 735 485 800 16.
502 733 644 814 leguntur,
658 733 807 796 interiecta
830 742 898 795 sunt
920 752 953 797 eo
978 732 1105 804 oonsilio,
1127 743 1161 795 ut
1175 733 1295 796 lectores

125 841 232 904 clarius
247 843 456 922 cognoscerent
471 839 707 902 Patriarcharum
724 841 810 902 iidem
831 843 889 902 nou
910 839 948 902 ad
971 847 1132 902 terrestrem
1156 839 1295 921 aliquam,

125 949 177 1010 sed
192 949 230 1010 ad
246 945 399 1010 coelestem
415 946 549 1028 patriam,
564 965 654 1028 quam
669 955 699 1008 et
720 946 776 1027 ipsi
798 955 1000 1028 exspectarent
1023 945 1180 1019 christiani,
1202 947 1293 1027 perti-
1331 963 1336 972 “

128 1053 238 1118 nui'ssie'.¹
251 1089 293 1100 —
308 1057 388 1120 κατὰ
403 1051 506 1125 πίστιν,
522 1055 680 1116 secundnm
695 1054 790 1126 iidem,
805 1055 925 1115 denotat
941 1053 969 1115 h.
985 1053 1004 1118 l.
1020 1051 1098 1115 idem
1112 1071 1164 1115 ao:
1185 1053 1214 1114 in
1231 1053 1295 1127 fide,

129 1160 178 1222 vei
194 1180 258 1223 cum
274 1159 346 1235 iide3
369 1169 400 1222 et
413 1159 509 1222 referri
525 1161 610 1221 debet
625 1179 683 1222 nou
697 1168 815 1221 tantum
830 1161 868 1222 ad
884 1159 1049 1232 ἀπέθανον,
1074 1159 1123 1220 sed
1146 1159 1235 1222 stiam
1257 1161 1295 1222 ad

124 1266 224 1330 omnia
241 1265 395 1350 participia
417 1267 464 1330 hic
478 1265 662 1330 occurrentia.
677 1303 721 1312 -
738 1263 820 1333 οὖτοι
842 1273 950 1343 πάντες
972 1275 1041 1330 sunt
1054 1265 1083 1340 ii,
1106 1266 1155 1349 qui
1171 1266 1295 1348 promis-

126 1375 221 1436 siones
228 1384 410 1456 acceperunt:
419 1375 595 1448 Abrabam,
605 1373 701 1450 Sora,
710 1373 950 1438 IanocetJocob.
962 1411 997 1422 -
1006 1373 1187 1458 ἐπαγγελίαι,
1195 1391 1294 1456 repro-

126 1481 285 1554 missiones,
292 1481 322 1543 h.
330 1481 348 1545 l.
357 1481 386 1543 in
394 1501 479 1543 sensu
486 1480 628 1544 obiectivo
635 1490 703 1544 sunt
712 1481 894 1564 accipiendae
901 1491 931 1543 et
937 1480 1129 1562 explicandae
1137 1481 1172 1543 de
1179 1479 1294 1543 coelesti

126 1607 216 1668 regno
223 1587 379 1661 Messiauo,
389 1587 469 1650 cuius
477 1588 557 1669 regni
566 1595 644 1650 terra
653 1587 794 1651 (thannan
805 1587 917 1652 nonnisi
927 1598 1017 1672 typus
1025 1595 1103 1663 erat3
1113 1588 1167 1651 hoc
1175 1606 1293 1669 regnum

124 1693 248 1757 coeleste
256 1693 445 1756 Patriarohae
460 1713 511 1777 per
519 1695 606 1756 iidem
615 1695 715 1777 procul
725 1695 897 1778 aspicientes
906 1695 1086 1767 salutabant,
1102 1691 1197 1775 prouti
1207 1693 1294 1755 uari-

124 1809 227 1882 gantes
242 1799 376 1862 civitates
392 1800 569 1863 desideratas
591 1821 628 1863 ex
650 1800 806 1882 longinquo
831 1809 999 1883 prospectes
1014 1798 1190 1861 salutatione
1206 1817 1292 1879 prae-

124 1907 223 1968 venire
245 1907 407 1970 soient-
426 1907 546 1972 Verbis:
567 1904 819 1996 ὁμολογήσαντες,
842 1906 980 1982 beritum
1002 1930 1031 1972 οι.
1047 1929 1072 1970 τ.
1088 1907 1118 1970 λ.
1142 1903 1294 1988 apostolus

125 2012 242 2094 respicit
257 2011 331 2074 Gen.
347 2011 469 2076 XXIII.
485 2015 525 2085 4.‚
540 2013 591 2075 ubi
606 2013 774 2076 Abrabam
795 2016 833 2076 ad
849 2011 923 2076 iiiios
938 2015 1023 2078 Hert
1038 2011 1119 2074 dicit:
1140 2011 1294 2087 ‚Adversa

122 2139 195 2182 aum
211 2127 239 2181 et
249 2121 435 2203 pereffluas
457 2118 502 2182 ad
513 2125 596 2192 νον,
619 2129 649 2181 et
663 2119 794 2184 XLVII.
811 2121 849 2193 9.‚
873 2119 923 2182 ubi
938 2117 1068 2182 Jacobus
1082 2115 1230 2181 Pharaoni
1244 2135 1292 2178 re-

122 2227 263 2306 spondet:
280 2225 386 2303 ,Πίον
396 2227 659 2309 perpetuatione
667 2228 749 2290 uitae
755 2245 841 2290 meae
852 2227 918 2290 130
933 2245 1089 2290 οιτπατιιπ
1103 2231 1185 2301 aunt,
1199 2225 1294 2308 par-oi

122 2339 150 2394 et
164 2329 245 2393 mab
251 2353 261 2406 ς
275 2337 304 2394 at
317 2351 380 2393 aon
393 2341 600 2415 peruenerunt
613 2352 707 2414 tuque
721 2331 765 2395 οιί
779 2333 844 2396 dies
855 2339 989 2415 petram
1004 2351 1154 2406 meorum,
1179 2331 1292 2414 quibos

119 2439 316 2519 ρενοριίοσίί
329 2443 434 2503 ανον.
466 2435 582 2509 Quibus
603 2440 700 2502 verbis
721 2460 779 2502 non
801 2439 955 2513 aetolum,
977 2439 1028 2500 sed
1050 2447 1080 2500 et
1104 2447 1202 2520 patres
1224 2457 1292 2500 suos

121 2544 278 2606 Abraham
293 2555 323 2607 et
337 2548 421 2610 Isaac
435 2545 598 2628 peregrinos
614 2545 701 2608 fuisse
716 2554 924 2628 superterram
941 2545 1100 2608 confitetur.

211 2671 240 2714 v.
259 2653 309 2719 14.
333 2648 370 2716 Οί
391 2657 450 2738 γὰρ
475 2663 598 2718 τοιαῦτα
619 2653 758 2735 λέγοντες
774 2651 992 2740 ἐμφανίζουσιν,
1015 2649 1060 2717 ὅτι
1082 2649 1210 2735 πατρίδα
1226 2647 1290 2714 ἐπι-

122 2763 268 2845 ζητοῦσιν.

214 2884 242 2924 ν.
262 2865 311 2931 15.
326 2861 391 2929 Καί
405 2862 431 2929 εί
447 2870 499 2952 μέν
515 2865 631 2952 ἐκείνης
647 2865 857 2952 έμνημόνεοον,
873 2861 926 2952 ἀφ’
941 2865 979 2952 ἠς
995 2864 1138 2954 ἐξῆλθον,
1155 2859 1237 2950 εἶχον
1253 2859 1289 2926 ἂν

120 2974 228 3056 καιρὸν
244 2969 430 3058 ἀνακάμψαι.
450 3005 489 3018 -
506 2972 563 3034 His
577 2971 608 3034 in
623 2973 736 3034 duobus
751 2971 882 3034 versibus
891 2971 1003 3034 Paulus
1018 2970 1105 3033 dicit:
1121 2967 1180 3040 Qui
1190 2979 1289 3032 autem

122 3096 154 3137 se
169 3077 331 3157 peregrinos
348 3086 461 3151 vocant,
485 3095 519 3139 eo
534 3078 598 3159 ipso
619 3078 817 3153 manifestant„
839 3099 870 3141 εε
891 3077 982 3141 aliam
1003 3075 1131 3159 patriam
1153 3075 1289 3157 aspirare.

121 3185 186 3246 ista
200 3183 296 3264 patria
311 3183 475 3246 desiderata
489 3193 589 3245 antem
604 3203 661 3247 non
671 3185 766 3266 potuit
782 3205 844 3248 esse
854 3185 1013 3258 Chaldaea
1029 3205 1045 3245 e
1060 3204 1119 3265 qua
1133 3183 1289 3245 Abraham

120 3289 250 3369 egressus
265 3297 324 3364 est3
340 3289 369 3351 in
385 3291 462 3352 hano
485 3290 561 3351 euim
577 3290 682 3353 iterum
704 3292 795 3354 redire
809 3291 881 3373 ipsis
902 3291 1045 3368 licuisset3
1068 3309 1134 3372 ergo
1157 3287 1290 3352 altiorem

125 3397 273 3476 quandam
289 3403 319 3457 et
334 3395 539 3476 perfectiorem,
561 3397 590 3458 in
605 3398 661 3460 hac
676 3407 752 3459 terra
773 3417 830 3460 uon
845 3398 1057 3472 inveniendam,
1079 3396 1291 3469 desiderabant,

119 3521 195 3582 quae
210 3501 293 3563 nulia
315 3501 384 3575 alia,
408 3501 463 3564 nisi
487 3501 590 3565 civitas
614 3504 644 3566 in
668 3503 754 3566 coelis
775 3522 827 3586 pro
849 3503 905 3588 piis
929 3504 983 3567 Dei
1005 3503 1163 3568 cultoribus
1185 3511 1290 3585 parata

120 3613 174 3680 est,
190 3607 285 3688 prouti
300 3615 400 3688 aperte
415 3607 445 3670 in
461 3629 488 3674 v.
505 3627 564 3690 seq.
580 3608 693 3673 dicitur.

213 3733 240 3774 v.
259 3715 308 3780 16.
331 3711 397 3780 Νῦν
420 3717 453 3780 δέ
468 3720 637 3801 κρείττονος
660 3714 824 3802 ὀρέγονται,
846 3724 995 3785 τουτέστιν
1016 3717 1200 3804 ἐποορανίοο.
1233 3711 1286 3780 Διὸ

114 3817 180 3888 ,oba
196 3819 404 3907 ἐπαισχίννεται
421 3819 529 3898 αἰετοὺς
545 3821 561 3888 ὁ
578 3821 662 3900 Θεὸς,
686 3822 761 3899 Θεὸς
777 3823 991 3890 ἐπικαλεῖσθαι
1011 3821 1115 3891 αὐτῶν·
1144 3823 1289 3913 ἡτοίμασε

124 3930 183 4010 γὰρ
200 3923 301 4001 αὐτοῖς
316 3929 413 3994 πόλιν.
429 3963 472 3976 -
488 3929 638 3994 Particuia
653 3941 703 3998 νῦν
718 3953 775 3995 non
797 3941 913 4012 tempus
935 3931 1084 4012 significat,
1108 3932 1158 3992 sed
1180 3929 1289 4014 partim

123 4032 311 4107 assumtivae,
327 4035 582 4114 partimillativae
597 4038 802 4102 coniunctionis
817 4038 877 4099 vim
892 4038 1001 4098 habere
1016 4037 1137 4111 videtur,
1163 4043 1197 4099 ut
1211 4036 1287 4099 idern

119 4142 178 4200 fere
193 4138 241 4212 sit
266 4141 358 4220 quod:
380 4141 486 4223 ίρίίια,
511 4144 620 4224 itaque.
638 4183 679 4190 —
695 4147 828 4209 Verbum
853 4142 1016 4230 ὀρέγεσθαί
1039 4166 1127 4219 τινος,
1149 4151 1287 4227 appetere

118 4243 240 4326 aliquid,
255 4253 371 4325 praeter
385 4246 463 4309 hunc
478 4246 571 4310 locum
587 4249 617 4312 in
632 4251 671 4318 N.
687 4253 720 4313 T.
737 4249 849 4314 nonnisi
865 4251 895 4312 in
911 4253 934 4316 1.
950 4251 1026 4318 Tim.
1041 4251 1217 4327 111.1.;v1.
1237 4251 1285 4318 10.

112 4334 370 4417 -Particnlabto
380 4352 474 4414 referri
484 4355 615 4418 debetad
626 4357 711 4419 fidem
720 4357 971 4436 Patriaroharum3
987 4359 1056 4441 quia
1072 4357 1208 4422 nimirum
1222 4359 1277 4422 Dei
