3064 4894
278 321 321 386 34
657 315 817 380 ruspans
836 315 881 364 111.
901 313 1001 366 r-rv.
1023 313 1063 365 rs.

278 505 362 559 notat
376 504 539 558 creamrom
554 495 583 555 in
599 511 709 574 genere.
727 529 768 538 -
784 500 894 580 γυμνός
910 493 1014 557 dicitur
1029 497 1141 570 nudus;
1167 497 1242 576 quia
1257 509 1378 572 autem,
1394 521 1463 581 quae

277 605 357 666 nuda
378 615 455 674 sunt,
477 599 551 662 visui
574 607 728 681 conspecta
749 611 778 660 ot
800 599 955 663 manifesta
974 612 1050 675 sunt,
1073 601 1141 664 hinc
1163 602 1258 666 etiam
1283 613 1402 693 γυμνός
1418 627 1463 689 per

277 711 481 791 metaphoram
503 719 564 768 est:
586 706 765 778 manifestus,
788 717 914 788 apertus.
938 743 978 754 —
1004 711 1201 795 τραχηλίζειν
1226 707 1262 796 (a
1287 713 1462 802 τραχηλός)

277 827 361 882 notat
384 816 491 880 collum
516 815 676 886 reflectere,
701 823 881 894 retorquere;
906 813 1103 896 metaphorice
1125 827 1239 892 autem,
1265 819 1344 900 qnia
1370 821 1460 886 delin-

276 923 390 1008 qnentis
404 922 548 985 collusor
564 937 642 982 more
658 929 787 982 veterum
802 923 1030 1001 retorquebatur,
1046 931 1079 984 ut
1088 922 1194 984 faciem
1209 923 1277 986 eius
1293 945 1403 990 omnes
1418 929 1459 990 vi-

275 1035 342 1096 dere
357 1039 482 1113 possem,
497 1029 617 1091 denotat
638 1027 768 1090 omnium
789 1027 880 1090 oculis
901 1046 1053 1109 exponere,
1075 1027 1278 1092 manifestare.
1305 1069 1354 1080 -
1370 1037 1458 1118 λόγος

276 1139 306 1205 h
322 1135 341 1201 l.
356 1135 513 1217 significat:
529 1134 669 1195 rationem
685 1155 704 1194 a
719 1133 802 1196 uobis
816 1151 912 1196 coram
926 1135 990 1197 Dec
1011 1134 1104 1196 iudice
1125 1136 1321 1201 reddendam.
1356 1139 1456 1204 Consi·

276 1244 404 1308 demnda
418 1249 464 1304 est
478 1239 581 1302 relatio
596 1239 674 1303 vocis
689 1242 782 1324 λόγος
796 1240 826 1302 in
842 1251 940 1303 nostro
956 1259 1041 1304 versu
1055 1243 1094 1304 ad
1108 1241 1195 1304 iilam
1210 1242 1243 1305 in
1259 1264 1290 1308 v.
1312 1247 1382 1313 12:
1405 1253 1456 1323 [uu

276 1354 335 1436 γὰρ
351 1346 368 1413 6
385 1345 478 1430 λόγος
493 1355 546 1412 τοῦ
561 1345 647 1412 Θεοῦ.
680 1348 716 1408 in
738 1346 838 1428 lingua
861 1347 954 1410 latina
976 1347 1126 1430 utriusque
1149 1349 1232 1413 vocis
1249 1352 1351 1435 λόγος
1374 1376 1456 1418 sensu

276 1455 389 1520 diverso
405 1461 562 1535 usurpatae
577 1452 680 1517 relatio
694 1455 733 1516 ad
748 1453 871 1516 invicem
886 1453 927 1516 sic
941 1453 1064 1535 exprimi
1087 1464 1200 1536 potest:
1228 1457 1297 1520 Nos
1313 1461 1455 1524 rationem

276 1559 396 1648 (id-505)
419 1558 499 1623 vitae
521 1569 636 1624 noemae
658 1561 775 1624 reddere
797 1569 928 1623 tenemur
949 1577 1046 1624 coram
1068 1562 1180 1624 ratione
1204 1573 1333 1629 aeterna
1350 1565 1455 1653 (λόγος

276 1665 446 1754 cosmos).

687 1809 1036 1892 Paraphrasis.

662 1949 736 2034 Cap.
768 1953 822 2016 ΙΙΙ,
855 1951 976 2018 i-IV.
1011 1953 1060 2016 13.

367 2094 562 2178 Quapropter,
585 2105 618 2156 ut
641 2093 768 2176 loquitur
788 2097 868 2158 Deus
891 2101 1072 2175 porratam,
1095 2095 1178 2156 cuins
1201 2099 1295 2160 verba
1309 2109 1412 2180 repeto
1427 2111 1454 2162 et

277 2223 343 2266 mea
358 2202 439 2276 facio,
455 2221 531 2264 nunc
545 2219 611 2262 cum
625 2221 678 2263 vos
693 2203 731 2262 ad
746 2199 855 2263 Christi
877 2198 1037 2262 doctrinam
1052 2199 1182 2262 divinam
1205 2204 1292 2266 vohis
1313 2206 1453 2269 traditam
1507 2223 1508 2292 ζ

277 2309 397 2372 tirmiter
413 2310 567 2371 tenendam
582 2307 754 2382 excitemini,
771 2307 859 2370 nolite
874 2315 1057 2369 contumaces
1073 2309 1189 2369 reddere
1198 2309 1316 2374 animos
1332 2323 1453 2388 vestros,

275 2417 349 2481 siout
362 2415 433 2480 olim
448 2417 557 2478 factum
573 2425 618 2476 est
632 2415 661 2476 iu
677 2416 798 2488 deserto,
813 2435 846 2476 eo
863 2414 932 2486 loco,
948 2412 998 2494 qui
1013 2413 1197 2475 arsbellione
1213 2421 1449 2482 nomensortitns
1507 2489 1508 2492 Ἴ

277 2533 329 2599 est,
345 2544 379 2587 eo
394 2533 531 2604 tempore,
550 2543 607 2603 quo
623 2521 774 2585 israelitae
789 2521 819 2584 iu
836 2521 906 2593 loco,
923 2519 972 2601 qui
988 2540 1007 2581 a
1022 2521 1184 2582 tentatione
1206 2521 1321 2599 dicitur,
1346 2527 1452 2588 morati

276 2641 361 2709 sunt;
376 2630 426 2693 uhi
442 2631 478 2691 de
493 2649 559 2692 mea
574 2628 705 2710 potentia
720 2628 928 2690 dubitaverunt
943 2635 1041 2709 patres
1056 2627 1153 2699 vestri,
1170 2647 1225 2701 me,
1248 2628 1383 2710 inquam,
1399 2653 1452 2695 ex·
1507 2655 1508 2694 ;

277 2739 436 2821 plorarent,
451 2755 630 2818 quamquam
654 2735 777 2816 insignia
793 2733 990 2816 providentiae
1013 2753 1094 2795 meae
1115 2734 1291 2797 documenta
1314 2737 1451 2802 viderunt

275 2863 327 2928 per
341 2865 426 2908 omne
440 2853 556 2926 tempm
572 2840 808 2924 peregrinationis
823 2841 853 2902 in
868 2844 988 2905 deserto.
1019 2840 1140 2921 Propter
1154 2840 1232 2903 hanc
1253 2840 1284 2904 in
1306 2863 1354 2904 me
1371 2844 1451 2908 diffi-

276 2953 405 3015 dentiam
427 2961 456 3013 et
477 2949 709 3014 increduiitatem
731 2947 898 3011 hominihus
920 2946 997 3009 hisce
1019 2947 1116 3028 pravis
1137 2947 1308 3028 indignatus
1330 2963 1450 3014 sumet
1507 3005 1508 3022 ,

276 3057 351 3120 dixi:
367 3067 506 3138 perpetuo
521 3077 568 3118 me
583 3077 640 3120 nou
655 3073 796 3128 veracem,
811 3071 870 3117 non
884 3053 1110 3134 omnipotentem
1125 3054 1291 3136 opinantur,
1310 3065 1344 3118 et
1360 3077 1449 3140 opera
1507 3129 1508 3156 ¹

276 3163 431 3247 potentiae,
448 3162 585 3226 bonitatis
600 3173 630 3226 et
644 3162 771 3226 iustitiae
786 3181 877 3235 mese,
892 3181 967 3243 quae
982 3179 1079 3224 coram
1095 3161 1136 3223 eis
1157 3161 1218 3235 feci,
1240 3182 1297 3225 nou
1314 3165 1449 3228 couside-
1507 3247 1508 3250 Ἴ

274 3278 391 3346 rarunt;
406 3269 449 3332 ita
464 3279 497 3331 ut
511 3269 666 3333 iuraverim
681 3269 711 3331 in
727 3270 769 3332 ira
785 3288 865 3330 mea:
882 3268 905 3330 si
922 3267 1039 3330 venient
1061 3269 1098 3329 ad
1115 3267 1246 3349 quietam
1266 3277 1362 3331 terrae
1378 3291 1447 3352 pro-
1507 3319 1508 3322 η

275 3375 380 3438 missae
395 3375 538 3439 Chanaau
553 3375 772 3457 possessiouem,
794 3396 851 3438 non
874 3393 921 3437 ero
943 3392 1029 3436 verus
1050 3375 1174 3438 Jehova.
1205 3374 1303 3438 Huius
1326 3386 1446 3457 patrum
1507 3391 1508 3396 ’

277 3491 437 3545 vestromm
460 3482 670 3546 incredulitatis
693 3482 873 3563 punitionem
889 3483 1080 3555 attendentes,
1102 3491 1203 3544 cavete
1218 3473 1309 3556 vobis,
1333 3485 1446 3559 fratres,
1507 3487 1508 3514 ¹

274 3609 311 3653 ne
326 3590 399 3651 forte
413 3588 520 3670 aliquis
534 3597 664 3651 vestrum
680 3587 810 3649 animum
826 3588 937 3650 malum
947 3597 976 3648 et
984 3587 1162 3652 incredulum
1172 3590 1278 3670 prodat
1286 3590 1446 3654 deficiendo

274 3698 370 3760 aDco
386 3714 462 3770 vero,
478 3696 536 3758 imo
551 3715 604 3759 vos
619 3693 741 3757 invicem
762 3693 889 3775 qnotidie
911 3695 1109 3768 cohortamini,
1132 3695 1271 3776 quamdiu
1293 3696 1380 3760 vohis
1402 3697 1445 3759 ilii

273 3803 474 3877 cohortationi,
490 3822 565 3886 quae
581 3801 610 3865 in
626 3801 740 3884 psalmo
750 3801 839 3864 citam
850 3801 962 3882 legitur,
977 3819 1061 3864 aures
1070 3803 1208 3884 praebere
1223 3801 1298 3876 licet,
1313 3805 1443 3885 adeoque

273 3912 412 3994 quamdiu
453 3909 561 3983 vivitis,
601 3928 638 3970 ne
668 3908 732 3990 quis
764 3917 891 3970 vestrum
922 3907 1019 3969 animo
1061 3909 1234 3970 obdurescat
1275 3909 1442 3972 defectionis

275 4017 426 4082 fraudibus
441 4019 586 4098 deceptus,
601 4015 644 4078 ita
659 4015 802 4088 nimirum,
818 4024 851 4078 ut
867 4013 975 4076 Christi
996 4014 1156 4078 doctrinam
1172 4014 1313 4096 repudiat
1344 4015 1443 4078 Parti-

273 4126 349 4208 cipes
364 4125 481 4206 quidem
496 4124 589 4187 effecti
604 4144 704 4187 sumus
719 4122 828 4187 Christi
844 4140 895 4204 per
910 4121 1103 4202 Baptisnrum,
1120 4123 1170 4184 sed
1185 4122 1214 4184 id
1221 4121 1305 4184 nobis
1316 4122 1358 4184 nil
1373 4142 1441 4204 pro-

272 4231 355 4304 derit
371 4231 427 4291 nisi
442 4233 479 4293 ad
496 4232 582 4293 finem
598 4253 688 4314 usque
703 4231 781 4292 vitae
797 4231 883 4291 fideur
900 4230 1013 4290 firmam
1029 4229 1247 4302 servaverimus,
1268 4249 1318 4290 seu
1335 4249 1440 4310 quarn-

273 4338 332 4414 diu,
348 4337 476 4420 inquam,
491 4339 575 4402 nobis
599 4341 791 4404 acclamatur:
818 4337 912 4400 Hodie
927 4335 951 4399 si
967 4356 1066 4400 vocem
1089 4336 1149 4400 eius
1171 4335 1328 4410 audieritis,
1352 4336 1440 4398 nolite
