3094 4892
588 339 715 406 exponet
733 339 754 389 r.
773 339 798 388 ο.
811 337 837 389 ο.
1253 343 1295 407 47

124 518 274 582 exoelsiori
293 539 382 601 quem
398 518 547 593 Salomon,
569 530 599 580 et
613 540 699 582 seusu
723 519 884 581 sublimiori
904 519 1019 601 impleri
1041 521 1211 594 debuemnt,
1226 520 1297 600 quin

124 649 143 688 a
166 627 266 688 stricta
288 625 486 707 promissionis
506 625 622 689 divinae
645 627 731 688 litera
751 627 902 688 deviatum
924 627 1034 688 fuisset.
1070 627 1154 688 Haeo
1173 627 1298 690 Davidis

125 734 222 814 proles
236 733 370 814 genuine,
379 752 466 794 verus
475 732 614 796 Salomon
631 731 776 818 (princeps
786 733 879 815 pacis)
890 734 990 795 nullus
998 733 1083 806 elius,
1098 733 1154 796 nisi
1163 732 1297 797 Christus

36 897 46 916 ,
124 840 189 913 fuit,
204 841 254 922 qui
276 841 306 901 in
321 851 471 902 aeternum
494 851 665 920 regnaturus
686 839 852 902 firmissime
873 841 1004 902 omnium
1026 840 1124 902 domui
1139 841 1298 904 Davidime

125 949 270 1008 laetarum
280 945 505 1027 prornissionum'
511 947 647 1009 columna
655 949 749 1010 faetus
757 959 810 1009 est.
820 984 863 992 -
873 947 1046 1010 Rectissime
1055 947 1298 1012 adnotatEotiue

127 1055 166 1115 ad
182 1055 259 1116 huno
275 1055 387 1116 locum:
403 1053 605 1133 ‚Diliqeuter
625 1053 799 1116 notandum
821 1062 873 1126 est
889 1054 1043 1134 quaedam
1065 1056 1099 1116 iu
1122 1055 1298 1136 §omptume

125 1159 289 1222 literature
303 1161 371 1232 diu,
387 1161 442 1221 sed
455 1159 626 1222 sethlimiter
640 1169 669 1221 et
682 1181 784 1242 supro
799 1161 926 1224 modum
942 1159 1056 1236 literae,
1072 1159 1163 1242 idque
1171 1171 1298 1244 propter

125 1271 317 1350 nepotulum,
335 1288 394 1350 quio
408 1266 500 1329 litero
516 1277 642 1347 turqeus
657 1277 685 1330 et
697 1268 833 1348 provido
847 1270 899 1330 eui
911 1270 1011 1350 ipsius
1032 1269 1160 1330 modum
1175 1270 1297 1332 emcedr't.

125 1375 311 1439 Cetiumuode'
331 1377 511 1456 ntystemum
536 1377 599 1437 uisi
618 1377 757 1447 mehemet,
779 1395 980 1457 nequaquam
1003 1384 1069 1437 tom
1084 1375 1256 1439 cottonem
1270 1387 1300 1444 et,

125 1484 289 1564 muqnifiee
297 1485 457 1564 scripturo
466 1482 634 1544 secuudum
644 1483 768 1544 literam
779 1481 961 1564 loqumetur.
972 1481 1081 1562 Itaque
1089 1485 1153 1545 uiri
1156 1481 1298 1546 meeum

124 1593 249 1672 mystice
257 1591 372 1671 suimet
386 1590 587 1670 eiquifioatuu
603 1611 769 1672 ouuttquom
785 1588 912 1652 Duoidi
926 1589 1176 1672 diemmsuieeet:
1192 1591 1298 1654 Filius

125 1719 212 1761 meus
228 1718 259 1758 es
274 1706 316 1771 tu,
331 1716 383 1776 eqo
396 1697 484 1758 hodie
495 1699 590 1777 qmui
604 1705 649 1769 u;
670 1718 725 1758 uec
741 1697 779 1758 de
792 1695 973 1758 Summum:
997 1695 1070 1780 Ipse
1091 1700 1149 1759 erit
1171 1701 1250 1761 milti
1262 1703 1296 1760 in

118 1803 227 1887 filium
242 1813 270 1865 et
286 1823 339 1888 eqo
353 1823 405 1865 ero
420 1802 469 1864 illi
482 1805 517 1864 in
530 1809 685 1886 potrem‘.

217 1949 244 1991 v.
261 1930 291 1996 6.
301 1924 398 1992 Ὅταν
414 1930 446 1992 δὲ
463 1933 553 1993 πάλιν
569 1927 712 2016 εὶςαγάγῃ
722 1935 771 1994 τὸν
782 1936 973 2015 πρωτότοκον
989 1927 1091 2020 εἰςτὴν
1108 1929 1296 2019 οἰκουμένην,

126 2041 225 2121 λέγετε
256 2035 319 2100 Καὶ
336 2043 627 2125 προςκονησάτωσαν
638 2033 717 2121 αὐτῷ
727 2043 834 2110 πάντες
850 2035 975 2118 ἄγγελοι
985 2037 1071 2103 Θεοῦ.
1082 2073 1125 2085 -
1136 2039 1298 2119 Apostolus

128 2155 162 2206 ut
176 2147 322 2226 probaret,
338 2142 486 2206 Christum
503 2144 597 2206 multo
612 2143 786 2224 superiorem
802 2165 864 2206 esse
879 2145 999 2226 angelis,
1015 2167 1053 2207 ex
1068 2145 1131 2226 ipso
1146 2147 1295 2226 praeclaro

126 2251 207 2314 Fuit
221 2254 289 2314 Dei
308 2255 431 2314 nornine
452 2262 658 2333 argumentum
679 2253 804 2314 duxerat
826 2273 853 2314 v.
877 2255 908 2318 4.
931 2263 961 2314 et
976 2255 1022 2328 l').;
1050 2253 1110 2314 iem
1133 2254 1238 2316 transit
1260 2257 1298 2317 ad

125 2361 207 2423 eliud
223 2371 427 2441 argumentum
442 2361 607 2422 desumturn
624 2380 643 2420 e
658 2358 743 2422 uado
764 2360 877 2434 diuino,
898 2381 957 2441 quo
972 2360 1107 2424 Christus
1126 2363 1167 2422 eb
1188 2363 1300 2442 angelis

125 2468 317 2530 oelebrandns
332 2467 378 2528 sit
394 2469 519 2532 -Vox
533 2471 625 2532 πάλιν
640 2467 816 2529 anonnullis
832 2467 1037 2550 interpretibus
1052 2469 1091 2530 ed
1100 2487 1200 2530 rooem
1216 2471 1298 2551 λέγει

126 2577 257 2650 refertur,
272 2574 317 2636 ite
331 2585 365 2636 ut
379 2594 481 2636 sensus
496 2574 550 2636 sit:
566 2575 670 2636 itemm
686 2593 763 2649 vero,
778 2595 844 2637 eum
859 2575 1051 2638 introduxerit
1065 2585 1128 2647 ete,
1142 2575 1233 2649 dioet;
1248 2575 1298 2635 sed

127 2685 201 2745 haec
223 2681 432 2763 interpretandi
456 2681 531 2744 ratio
555 2681 649 2744 textui
673 2681 733 2744 rim
758 2683 857 2757 iufert3
882 2686 973 2748 πάλιν
996 2683 1094 2764 potius
1116 2684 1156 2745 ad
1177 2683 1299 2744 verbum

127 2788 275 2875 εἰσαγάγῃ
290 2788 389 2851 referri
404 2790 499 2850 debet
509 2785 591 2854 (loni.
606 2807 665 2851 eor.
675 2787 801 2876 εἱαγὰγῃ
812 2789 1062 2871 perpreemissam
1071 2789 1299 2854 ooniunctiouem

125 2897 198 2964 ὅταν
213 2896 453 2978 signifieetionem
468 2895 552 2957 latini
561 2896 650 2958 futuri
659 2897 755 2959 execti
764 2895 928 2982 sonitur;1)
942 2918 1044 2960 sensus
1058 2915 1125 2979 ergo
1140 2907 1193 2958 est
1224 2895 1298 2958 Cum

126 3007 233 3067 iterum
247 3003 440 3066 introduxerit
455 3002 678 3084 primogenitum
693 3004 723 3065 iu
738 3007 838 3066 orbem
854 3004 927 3090 (soil.
944 3005 974 3066 in
989 3005 1035 3068 die
1050 3005 1172 3069 extremi
1188 3000 1300 3086 iudicii)

126 3113 204 3174 dioet
225 3111 300 3196 (soil.
325 3108 342 3174 ὁ
365 3108 463 3192 esee).
489 3146 532 3156 -
557 3111 679 3173 Locutio
702 3118 896 3196 πρωτότοκος
920 3112 1121 3176 verosimiliter
1145 3134 1160 3174 e
1185 3112 1300 3193 psalmo

132 3218 322 3284 LXXXIX.
344 3220 396 3284 28.
418 3219 554 3279 desumto
574 3227 627 3290 est,
649 3217 750 3280 ubido
771 3237 836 3300 rege
860 3220 1034 3284 theooretioo
1061 3220 1140 3302 regni
1162 3218 1301 3282 Messiaui

127 3326 233 3388 dieitur
248 3322 315 3410 (27.
332 3324 414 3407 28.):
431 3322 525 3407 ‚Ipse
539 3327 688 3387 invocabit
702 3346 766 3388 me:
787 3325 890 3388 Pater
910 3347 998 3388 mette
1017 3346 1049 3388 ee
1062 3335 1097 3388 tu
1112 3374 1119 3388 .
1136 3373 1143 3388 .
1160 3374 1167 3388 .
1184 3380 1191 3395 .
1206 3335 1233 3388 et
1248 3345 1301 3407 eqo

125 3434 366 3515 primoqmitum
381 3431 601 3517 (πρωτότοκον)
608 3452 729 3515 ponam
743 3432 836 3496 illum
844 3441 866 3496 ⁸.
892 3432 1095 3519 Πρωτότοκος
1104 3445 1202 3496 autem
1213 3433 1301 3496 Chri-

126 3551 191 3603 stus
205 3539 310 3602 dioitur
325 3560 383 3602 non
398 3560 458 3620 qua
473 3538 489 3604 ό
507 3537 611 3622 Λόγος
634 3550 687 3604 τοῦ
708 3538 794 3614 Θεοῦ,
817 3542 868 3602 sed
891 3541 988 3622 potius
1009 3561 1069 3623 qua
1084 3541 1177 3603 Filius
1192 3541 1246 3602 Dei
1264 3561 1299 3602 ex

127 3647 225 3709 Maria
239 3657 341 3721 netus;
356 3647 452 3727 prouti
477 3647 555 3708 enim
570 3645 704 3708 Christus
724 3650 880 3710 seeundum
904 3659 1040 3711 naturam
1061 3669 1146 3710 suem
1170 3648 1300 3710 divinem

128 3760 291 3843 μονογενὴς
306 3758 388 3838 παρὰ
405 3753 529 3838 Πατρός
544 3764 597 3829 est,
613 3755 655 3816 ita
670 3758 828 3818 seeundum
843 3767 981 3818 naturam
990 3776 1074 3818 suem
1084 3757 1245 3818 humanam
1255 3763 1300 3814 est

126 3868 321 3947 πρωτότοκος
336 3871 389 3924 τοῦ
405 3860 492 3934 Θεοῦ,
508 3880 562 3942 pro
576 3862 760 3924 sanctissima
782 3873 887 3924 nature
908 3884 962 3926 sua
984 3864 1115 3924 humane
1137 3882 1241 3942 nempe
1256 3873 1301 3922 est

126 3969 298 4050 purissimus
313 3968 366 4030 flos
381 3966 483 4048 populi
499 3968 601 4042 lsrael,
617 3969 667 4050 qui
682 3968 744 4050 ipse
759 3990 818 4050 qua
834 3971 960 4051 populns
975 3970 1084 4031 electus
1094 3968 1301 4050 primogenitus

126 4077 182 4138 Dei
198 4075 276 4138 filius
298 4075 403 4137 dieitur
425 4072 495 4157 (Ex.
510 4074 565 4138 IV.
582 4073 658 4159 22).
687 4079 758 4140 Vox
782 4074 943 4164 οἰκουμένη
968 4079 1089 4138 denotet
1110 4077 1139 4136 h.
1155 4075 1174 4139 l.
1198 4077 1299 4136 orbern

127 4200 278 4245 terrarum.
290 4221 333 4230 -
350 4182 466 4243 Verba:
482 4186 534 4246 καὶ
549 4190 844 4270 προσκυνησάτωσαν
860 4180 940 4267 αὐτῷ
955 4190 1063 4248 πάντες
1080 4181 1204 4267 ἄγγελοι
1221 4181 1300 4248 Θεοῦ

220 4397 242 4461 ¹)
260 4395 309 4444 cn.
337 4393 552 4446 veneronum.
575 4397 642 4450 Aut.
661 4395 687 4446 7.
705 4393 743 4446 St.
762 4393 824 4445 289.
