3094 4892
276 318 321 385 46
757 319 883 385 sxpouuo
901 319 922 371 r
941 320 966 370 s.

277 494 337 578 ἐγὼ
353 504 485 586 σήμερον
499 503 664 584 γεγέννηκά
681 521 715 563 os
730 499 841 580 egregie
856 511 973 562 enarrat
986 499 1121 564 Boasuet
1127 499 1151 586 1)
1167 503 1283 568 innotis
1298 503 1366 590 (seu
1381 525 1464 587 sup-

278 603 444 688 plementis)
459 605 498 666 ad
513 605 591 668 hune
610 603 758 686 psalmum
782 605 924 668 scribens:
941 608 1067 682 „Paucis
1089 629 1163 690 opus
1184 623 1237 684 est,
1261 621 1296 673 ut
1317 614 1462 694 probatio

276 710 344 794 (Dei
361 711 470 772 Filium
486 731 505 772 a
519 711 608 772 Patre
622 721 740 773 aeterno
755 731 817 773 esse
832 712 976 800 genitum)
993 716 1101 788 valeat
1119 717 1250 798 nihilque
1264 719 1347 781 aliud
1363 739 1460 800 agen·

277 820 356 892 dum,
371 837 461 900 quam
477 829 511 880 ut
525 821 680 880 verborum
695 828 825 881 servetur
840 820 1008 901 proprietas.
1040 821 1204 886 Dominus
1218 825 1295 886 euim
1312 825 1395 888 dest
1413 827 1461 888 ad

277 945 333 998 ma
351 946 408 988 uon
424 924 562 1006 adeline,
584 926 634 986 sed
656 926 694 988 ad
710 945 757 987 me
772 927 894 1007 proprie,
916 929 1115 1009 singulariter:
1139 930 1243 993 rrum
1257 953 1348 993 meos
1362 951 1395 993 es
1411 943 1458 1008 tra

276 1043 316 1106 tn,
333 1033 461 1114 iuquam,
477 1042 506 1092 et
522 1051 579 1093 nou
594 1030 686 1093 alius:
703 1049 770 1113 ergo
786 1032 894 1107 uniens,
911 1035 1084 1116 unigenitus,
1099 1036 1252 1119 singularis
1284 1042 1364 1120 quod
1380 1061 1459 1101 uus·

276 1161 365 1222 quarn
381 1161 416 1201 ea
432 1139 566 1219 emphasi
581 1139 691 1201 dlotum
714 1141 750 1201 de
765 1140 912 1220 quopiam.
942 1140 1015 1221 Epo
1036 1143 1124 1205 hodie
1135 1148 1230 1224 pertrui
1244 1154 1279 1212 te.
1304 1166 1363 1207 uou
1384 1165 1457 1228 ergo

275 1247 412 1318 adscitus,
429 1265 485 1308 uon
501 1247 668 1327 adoptatus,
683 1247 733 1308 sed
749 1247 881 1327 genitus:
902 1269 953 1310 neo
967 1249 1070 1330 gratia,
1086 1253 1163 1331 quod
1179 1253 1283 1332 augeli,
1299 1257 1378 1334 qnod
1394 1257 1456 1317 ho-

276 1355 377 1428 mines,
392 1355 442 1414 sed
459 1363 564 1414 natura
580 1353 682 1418 Filius.
706 1353 809 1434 Neque
824 1354 983 1435 quidquam
999 1357 1098 1436 aptius
1112 1360 1319 1440 autpropheta
1332 1362 1455 1441 dignius

275 1473 321 1524 est
335 1463 374 1523 ad
390 1461 463 1522 haee
479 1479 535 1522 non
551 1459 682 1532 subtilia,
698 1463 749 1522 sed
765 1461 903 1522 sublimia
918 1473 948 1524 et
963 1463 1063 1525 divina
1071 1468 1251 1546 exponenda,
1267 1487 1358 1547 quam
1375 1469 1453 1529 illud

273 1569 368 1642 hodie,
385 1545 442 1649 quo
457 1567 565 1648 qqupe
581 1567 622 1640 fit,
639 1577 672 1628 ut
686 1567 754 1629 Filii
770 1585 883 1649 semper
906 1569 946 1631 sit
960 1590 1046 1642 nova,
1061 1591 1175 1652 semper
1196 1581 1282 1634 vetus
1297 1575 1452 1648 nativitas,

273 1697 417 1758 nusquam
433 1675 601 1756 imperfecta
617 1695 651 1736 ao
666 1674 792 1736 velutin
807 1685 898 1751 motu,
913 1679 964 1740 sed
980 1697 1093 1760 semper
1107 1679 1245 1744 absoluta
1261 1683 1451 1764 perfectaque

273 1785 436 1868 generatio:
452 1793 541 1864 atque
557 1781 618 1864 ipse
627 1782 721 1844 Filius
736 1782 905 1863 quotidiano
921 1805 971 1846 seu
987 1785 1084 1866 potius
1097 1797 1214 1850 aeterno
1229 1788 1450 1852 etImmutabili

273 1903 359 1976 partu
376 1909 489 1972 semper
504 1891 620 1964 effusos,
640 1907 754 1970 semper
776 1889 860 1952 hodie
875 1891 998 1972 genitus,
1022 1914 1113 1974 nequo
1135 1915 1285 1958 senescens
1307 1917 1449 1978 uuquam,

271 2001 403 2081 denique,
420 2007 454 2060 ut
467 1997 512 2060 ait
532 1997 716 2059 doctissimus
738 1997 822 2060 iuxta
843 2017 878 2060 ao
899 1999 1098 2063 sauotissImus
1120 2002 1312 2065 lsiodorus
1334 2004 1448 2066 Pelu-

270 2109 358 2172 siotes
372 2107 406 2192 (l.
425 2108 452 2172 1.
467 2126 511 2186 ep.
529 2102 625 2187 323),
641 2113 671 2166 et
685 2122 783 2168 reoeus
797 2115 827 2166 et
841 2106 1066 2188 sempitomus“.

360 2215 447 2278 Alter
464 2213 556 2276 loous:
573 2212 632 2295 ἐγὼ
648 2212 756 2300 ἔσομαι
773 2209 853 2298 αὐτῷ
869 2211 911 2288 εἰς
925 2221 1050 2300 πατέρα,
1066 2220 1119 2282 καὶ
1135 2213 1225 2290 αὐτὸς
1234 2217 1317 2284 ἔσται
1334 2243 1387 2304 μοι
1403 2219 1447 2294 εἷς

271 2319 333 2388 υἱόν
348 2343 385 2384 ex
402 2323 439 2386 ll.
458 2321 530 2384 lihro
545 2321 626 2388 Sam.
643 2321 713 2387 Vll.
733 2321 780 2386 14.
797 2320 942 2401 allegatus
960 2321 1089 2402 proxime
1105 2335 1135 2384 et
1150 2323 1317 2386 immediate
1333 2329 1373 2388 ad
1385 2327 1446 2390 Sa-

272 2432 415 2494 lomonem
438 2438 558 2510 spectat.
603 2429 680 2492 Looo
702 2428 793 2490 citato
815 2427 892 2490 enim
916 2430 1035 2510 loquens
1057 2429 1201 2492 inducitur
1223 2431 1366 2506 Nathan,
1395 2437 1446 2516 qui

272 2539 386 2604 uouriue
401 2537 533 2600 Jehovae
548 2534 656 2598 Davidi
671 2536 726 2598 Dei
742 2535 925 2599 voluntatem
939 2538 975 2600 de
990 2537 1102 2618 templo
1125 2539 1165 2598 ab
1190 2537 1280 2618 ipsius
1305 2539 1367 2602 hlio
1384 2541 1444 2604 Sa-

272 2647 386 2710 lomone
410 2645 584 2708 exstruendo
606 2642 708 2724 aperit,
731 2653 760 2704 et
784 2645 820 2705 do
845 2644 900 2706 hoc
921 2642 1078 2708 Salomone
1107 2643 1190 2706 dioit:
1216 2664 1268 2725 ego
1290 2665 1339 2710 ero
1363 2649 1391 2709 ei
1410 2649 1441 2712 iu

271 2763 396 2836 patrem,
412 2761 443 2814 et
457 2751 519 2832 ipse
534 2751 589 2814 erit
603 2751 676 2814 mihi
693 2751 721 2812 iu
737 2749 845 2826 filium3
862 2751 892 2814 h.
908 2770 933 2818 e.
948 2771 1000 2831 ego
1016 2751 1100 2814 illum
1116 2760 1239 2832 patema
1253 2771 1323 2824 eura
1338 2755 1445 2818 fovebo

270 2861 427 2942 multisque
444 2858 588 2922 beuefioIIs
603 2858 769 2925 cumulabo.
802 2858 904 2919 Verba
919 2859 992 2921 haee
1005 2879 1091 2920 seusu
1109 2858 1215 2920 literali
1230 2861 1267 2922 de
1284 2859 1445 2926 Salomone

270 2969 392 3042 nonnisi,
408 2988 466 3030 nou
481 2977 581 3030 autern
596 2969 632 3028 de
647 2964 764 3028 Christo
779 2965 885 3039 valere,
910 2965 975 3048 ipsa
998 2965 1058 3028 iam
1080 2965 1219 3029 orationis
1241 2966 1329 3030 series
1343 2970 1445 3044 dooet;

269 3077 352 3140 addit
366 3075 443 3137 euim
460 3075 604 3156 propheta
626 3073 749 3136 Nathan
772 3070 805 3156 (l.
820 3070 871 3154 ol:
895 3075 970 3153 „qni
990 3075 1019 3134 si
1039 3075 1144 3156 inique
1166 3072 1286 3154 ailquid
1304 3081 1443 3154 persevit,

269 3201 406 3264 myrram
421 3200 492 3246 enm
506 3181 797 3260 inutrpovhornm,
813 3187 839 3240 el
854 3181 888 3242 io
894 3178 1000 3261 popo
1007 3177 1151 3261 filiorum
1160 3181 1321 3244 humanm
1330 3190 1352 3257 ⁸,
1362 3203 1441 3266 quae

270 3293 360 3354 verba
375 3288 475 3371 utique
490 3290 529 3349 ad
544 3286 694 3350 Christum
717 3286 814 3348 referri
830 3305 887 3348 uon
910 3297 1039 3367 possunt.
1071 3289 1193 3368 Insuper
1213 3299 1277 3350 tum
1299 3287 1442 3354 Salomon

270 3398 331 3480 lpse
346 3395 382 3482 (1.
399 3397 472 3478 Reg.
488 3395 528 3462 V.
543 3395 588 3470 5.;
604 3395 691 3461 VIII.
710 3394 760 3462 17.
775 3391 826 3473 ss.)
842 3395 932 3456 verba
948 3396 1020 3456 haee
1035 3396 1070 3454 de
1085 3395 1250 3476 semetipso,
1265 3404 1330 3460 turn
1342 3398 1440 3460 David
1524 3449 1525 3465 ν

269 3501 306 3589 (I.
323 3502 429 3566 Chrou.
445 3503 550 3567 XXII.
567 3505 597 3571 9.
613 3521 666 3578 ss.;
682 3502 834 3567 XXVIII.
853 3503 882 3568 2.
897 3499 948 3585 ss)
964 3503 999 3563 de
1019 3501 1145 3564 filiosuo
1168 3503 1324 3565 Salomone
1349 3506 1441 3567 iuter-

270 3621 409 3696 pretatur.
440 3609 533 3673 Seusu
549 3611 670 3694 ruystioo
686 3620 786 3672 autem
802 3609 901 3690 utIque
917 3610 1007 3670 verba
1029 3610 1101 3671 haec
1122 3609 1214 3672 citata
1235 3612 1273 3672 ad
1289 3608 1439 3674 Christum

273 3718 428 3800 pertinent,
459 3718 503 3780 oui
528 3718 642 3800 plenius
665 3728 695 3780 et
719 3717 858 3798 integrius
880 3714 1093 3798 conveniunt.2)
1134 3716 1342 3780 Promissioues
1364 3718 1441 3780 euiur

268 3825 322 3888 Dei
338 3826 368 3887 iu
384 3825 541 3888 Salomone
557 3847 593 3888 ex
610 3835 694 3908 parte
709 3835 826 3886 tautum
849 3823 988 3904 impletae
1004 3833 1081 3898 suut,
1104 3825 1154 3886 sed
1177 3844 1234 3885 non
1258 3825 1437 3901 omniurod03

268 3933 326 3995 lrno
342 3933 501 4015 posteriora
523 3937 626 3996 domus
642 3933 801 3995 Davidioae
823 3933 886 3992 fata
908 3929 1144 4011 promissionibus
1165 3931 1229 3993 istis
1248 3932 1441 3995 ooutradioere

267 4041 451 4108 videbantur.
491 4038 638 4112 Quoniam
663 4059 731 4101 vero
754 4041 835 4100 Deus
858 4037 887 4097 iu
919 4037 1158 4116 promissionibus
1189 4038 1249 4100 suis
1271 4038 1365 4099 fidelis
1387 4049 1439 4113 est

269 4159 299 4212 et
313 4169 388 4232 quae
413 4149 548 4230 promisit
568 4149 651 4211 Irrita
670 4145 733 4208 heri
757 4152 912 4224 nequeunt,
934 4141 964 4203 iu
985 4143 1046 4206 alia
1067 4146 1170 4207 domus
1185 4143 1344 4212 Davidioae
1362 4147 1440 4228 prole

359 4291 377 4358 ’ν
397 4291 447 4340 cfr.
467 4289 758 4354 liuentissime.
777 4288 793 4338 r.
812 4300 834 4335 e.
853 4282 892 4340 st.
912 4281 955 4335 90.
977 4292 1003 4336 st
1020 4283 1063 4344 92.

358 4382 378 4440 ε)
398 4379 448 4430 cs.
466 4377 578 4444 erm
595 4379 612 4428 ν.
632 4393 653 4433 e.
672 4376 710 4428 st.
728 4375 763 4426 er
782 4380 813 4434 f..
834 4373 988 4426 mse-m
1005 4378 1023 4428 ν.
1041 4392 1063 4426 e.
1082 4375 1117 4427 se
1138 4373 1180 4430 rr.
