3096 4886
382 307 542 374 Paraphrasls
560 309 631 360 XIII.
649 306 760 368 8-15.;
786 324 868 376 expos.
883 307 956 360 XIII.
979 305 1020 360 16.
1073 305 1079 317 ’
1221 313 1286 379 225

529 489 877 570 Paraphrasis.

493 627 565 710 Oap.
601 627 689 692 XIII.
720 650 767 695 vv.
799 631 916 699 8-15.

209 771 296 834 Jesus
311 769 445 832 Christus
459 788 573 850 semper
587 779 632 832 est
646 770 723 832 idem
737 772 887 854 omnisque
897 773 1066 836 mutationis
1081 791 1204 855 expers;
1221 792 1287 856 ergo

121 888 153 940 et
167 881 268 940 eadem
283 897 345 940 esse
360 879 447 940 debet
468 877 504 940 de
526 874 642 939 Christo
657 877 787 940 doctrina
810 888 840 942 et
861 881 947 955 fides;
971 889 1001 940 et
1023 889 1176 960 propterea
1200 880 1290 944 nolite

121 984 194 1066 pati,
209 993 243 1046 ut
257 982 393 1046 doctrinis
408 981 497 1046 variis
518 991 549 1044 et
570 983 735 1064 peregrinis,
757 1005 832 1065 quae
855 1006 912 1048 non
933 995 1002 1048 sunt
1023 995 1122 1068 partes
1144 985 1290 1050 doctrinae

120 1090 305 1164 christianae,
321 1088 515 1170 abripiamini
546 1087 699 1170 Optimum
715 1091 791 1152 enim
806 1101 859 1166 est,
882 1113 920 1157 ss.
937 1091 1123 1155 Euchamtia
1144 1109 1290 1156 corsuum

121 1215 256 1270 recreare,
271 1217 329 1259 non
345 1213 414 1256 vero
429 1195 523 1276 epulis
537 1195 753 1270 sacrificalibus,
777 1217 853 1277 quae
868 1218 925 1261 non
940 1199 1109 1280 profuerunt
1130 1200 1169 1262 ad
1190 1217 1290 1262 veram

121 1302 306 1366 sanctitatem
330 1301 373 1375 iis,
396 1300 445 1381 qui
468 1319 568 1362 earum
591 1311 674 1364 erant
694 1302 856 1384 participes.
894 1305 957 1366 Nos
978 1304 1127 1366 christiani
1149 1305 1291 1367 habemus

121 1410 225 1483 altare,
240 1409 275 1470 de
291 1428 347 1488 quo
362 1406 484 1470 Iudaeis
499 1409 646 1471 comedere
660 1427 718 1469 non
734 1407 810 1472 licet.
839 1411 904 1472 Hoc
913 1411 1068 1490 figuratum
1084 1409 1141 1472 fuit
1155 1410 1209 1472 illa
1224 1431 1291 1474 cae-

121 1514 260 1589 remonia,
275 1519 333 1596 qira
349 1534 401 1576 neo
415 1515 548 1576 sacerdos
563 1533 615 1576 nec
624 1514 749 1594 populus
764 1517 954 1578 comedebant
969 1517 1004 1576 de
1018 1515 1115 1578 hostia
1129 1517 1292 1597 expiatoria

122 1630 321 1704 peccatorum
336 1638 402 1682 earo
417 1619 494 1682 enim
509 1619 595 1682 vituli
611 1629 641 1682 et
655 1619 735 1695 hirci,
760 1639 882 1700 qnorum
904 1621 1074 1702 sangninem
1095 1641 1225 1686 summus
1240 1644 1291 1685 aa·

121 1729 220 1790 oerdos
235 1745 287 1808 pro
310 1745 427 1790 suorum
451 1735 481 1787 et
506 1726 607 1807 populi
632 1734 813 1807 peccatorum
837 1725 1002 1808 expiatione
1023 1727 1052 1788 in
1069 1727 1290 1792 Sanctissimum

121 1835 273 1910 inferebat,
289 1836 472 1896 cremabatur
487 1841 571 1896 extra
586 1841 696 1907 oaetra3
719 1833 786 1895 hino
801 1841 831 1894 et
846 1831 988 1907 Christus,
1011 1834 1080 1915 quia
1102 1835 1199 1898 hostia
1221 1837 1293 1898 haec

122 1939 278 2022 piacularis
293 1947 383 2021 typus
397 1940 458 2002 eius
473 1949 544 2014 erat,
560 1949 645 2002 extra
660 1947 775 2019 portam
790 1939 870 2002 urbis
885 1939 1169 2022 Hierosolymitanae
1184 1961 1288 2023 pessus

122 2055 176 2120 est,
192 2045 307 2128 proprio
321 2045 460 2126 sanguine
475 2045 618 2126 populum
632 2065 717 2107 suum
733 2045 924 2108 sanctificans.
955 2047 1111 2109 Mittamus
1127 2065 1193 2128 ergo
1208 2065 1290 2110 sama

121 2153 310 2226 Indaeorum,
326 2151 441 2214 etiamsi
450 2161 603 2234 propterea
611 2151 766 2233 participes
776 2150 884 2243 Christi
900 2151 1068 2233 passionum
1077 2151 1136 2216 imo
1151 2162 1182 2216 et
1190 2153 1291 2216 mortis
1319 2206 1323 2234 ,
1392 2203 1400 2212 .

124 2261 187 2322 eius
202 2257 407 2342 ignominiosae
423 2277 484 2320 esse
499 2259 672 2336 debeamns;
688 2279 740 2322 nee
754 2279 807 2320 nos
816 2268 922 2322 terreat
938 2259 985 2322 hio
994 2279 1009 2322 e
1019 2279 1166 2342 synagoga
1181 2260 1292 2334 exitus;

124 2386 185 2440 nos,
200 2365 328 2446 inquam,
344 2365 393 2446 qui
409 2365 499 2426 fixam
515 2364 664 2428 civitatem
679 2365 709 2426 in
724 2367 779 2428 hoc
794 2366 908 2428 sacerdo
924 2385 981 2428 non
1002 2367 1154 2440 habemus,
1177 2369 1227 2430 sed
1242 2366 1292 2447 qui

122 2483 266 2554 tanquam
279 2471 421 2554 peregrini
430 2471 478 2536 hic
487 2471 619 2534 viventes
629 2473 765 2546 futuram,
772 2472 936 2546 Jerusalem
942 2471 1103 2544 coelestem,
1113 2472 1292 2553 inquirimus.

124 2581 181 2642 Per
189 2577 338 2642 Christum
348 2579 456 2660 itaque,
466 2597 612 2650 summurn
623 2577 787 2659 pontificem
796 2577 1052 2659 nostrumdignanr
1061 2577 1156 2641 laudis
1164 2577 1292 2641 hostiam

124 2695 155 2750 et
169 2685 327 2767 gratiarum
349 2685 493 2748 actionem
515 2687 578 2748 Deo
600 2701 713 2765 semper
735 2684 896 2760 offeramus,
919 2685 1020 2748 laudes
1042 2684 1150 2748 scilieet
1170 2684 1292 2758 diviona

106 2829 110 2838 ·
124 2813 199 2874 quas
213 2792 294 2854 labia
308 2799 408 2854 nostra
422 2793 517 2856 Deum
533 2791 711 2854 celebrantia
724 2800 867 2873 tanquam
882 2793 991 2854 fructus
1006 2790 1188 2873 progignunt.

627 3045 740 3106 Sectlo
762 3046 793 3104 8.

125 3184 320 3266 Pauperes
342 3181 601 3258 liberalitate,
624 3183 816 3246 ecelesiae
839 3183 1054 3265 praepositi
1070 3179 1294 3246 obedientia

521 3319 610 3372 sunt
633 3307 898 3392 prosequendi.

463 3449 535 3532 Gap.
567 3451 656 3518 XIII.
687 3471 736 3513 vr.
770 3453 820 3519 16.
850 3459 881 3514 et
914 3451 965 3516 17.

215 3613 243 3655 v.
256 3594 305 3658 16.
321 3589 387 3681 Τῆς
402 3594 435 3657 δὲ
444 3589 577 3668 abactae
586 3598 638 3660 nal
647 3599 803 3668 κοινωνίας
814 3599 856 3682 μὴ
866 3591 1117 3659 ἐπιλανθάνεσθε·
1142 3597 1293 3671 terebrat<

126 3704 186 3784 γὰρ
201 3703 323 3774 θυσίαις
344 3695 541 3785 εὐαρεστεῖται
558 3698 573 3764 ὁ
590 3699 674 3774 Θεός.
701 3737 739 3746 -··
764 3697 892 3765 Εἰνποιΐα
907 3697 952 3785 (εὖ
967 3711 1059 3766 ποιεῖν
1074 3701 1130 3761 Mr.
1145 3700 1235 3765 XIV.
1251 3698 1294 3785 I.)

127 3817 158 3869 et
172 3812 312 3873 κοινωνία
328 3816 396 3869 sunt
411 3807 579 3890 synonima;
601 3809 652 3870 sed
674 3807 824 3888 posterius,
847 3808 925 3887 quod
946 3825 1032 3886 saepe
1054 3807 1090 3866 de
1106 3805 1250 3868 beneficiis
1264 3807 1295 3870 in

130 3932 236 4002 egenos
250 3913 367 4000 collatis
382 3912 546 3984 adhibetur,
563 3912 650 3994 priori
665 3913 760 3974 lucem
775 3922 805 3973 et
819 3914 932 3992 pondus
946 3911 1028 3973 addit
1044 3908 1104 3995 (cfr.
1121 3911 1209 3974 Rom.
1219 3911 1292 3976 XV.

130 4021 199 4097 26.;
223 4019 262 4080 II.
279 4017 343 4080 Gor.
369 4018 425 4080 IX.
452 4015 523 4101 13.).
553 4019 621 4080 Mos
643 4027 706 4080 erat
727 4018 914 4092 Indaeorum,
936 4026 969 4078 ut
992 4015 1115 4097 peractis
1140 4017 1294 4092 sacrificiis,

128 4126 235 4208 quibus
259 4145 294 4186 ea
309 4125 494 4187 offerentibus
514 4123 591 4186 vesci
613 4124 728 4199 licebat,
750 4125 788 4186 ad
810 4123 913 4204 epulas
934 4123 1105 4186 sacrificales
1126 4143 1178 4184 seu
1198 4143 1296 4187 sacras

127 4231 287 4295 invitarent
301 4231 391 4293 etiam
406 4231 499 4312 gentis
514 4251 584 4294 auae
600 4250 741 4314 pauperes
756 4228 817 4317 (cfr.
827 4231 898 4297 Lev.
913 4231 984 4294 VH.
997 4232 1046 4296 14.
1056 4249 1110 4304 ss.;
1126 4229 1295 4294 Deut.XII.

130 4340 197 4416 12.;
213 4338 302 4402 XIV.
318 4339 385 4413 295
401 4337 490 4426 XVI.
509 4341 558 4404 ll.
574 4335 636 4421 ss).
665 4341 753 4401 Hunc
774 4356 883 4400 morem
905 4359 927 4402 s.
951 4337 1069 4411 Paulus,
1092 4337 1142 4418 qui
1157 4357 1185 4399 v.
1200 4355 1294 4419 praee

184 4465 198 4500 1²
206 4463 239 4500 dn
245 4473 258 4499 ο
264 4465 286 4510 k,
299 4463 463 4500 cannanruru.
1105 4441 1137 4490 15
