3064 4894
563 289 688 357 aquino
707 289 753 338 vr.
773 287 798 338 9.
819 287 860 340 ιο.
1232 289 1291 354 107

128 467 284 549 pariat-
301 468 344 530 ita
359 476 389 528 et
404 468 500 538 homo,
525 467 574 548 qui
589 467 749 531 doctrinam
765 476 794 528 et
811 466 948 528 beneficia
963 465 1070 528 Christi
1086 464 1207 546 percipit
1221 473 1251 526 et
1266 464 1300 525 in.

128 595 162 638 eo
178 575 304 647 laborat,
320 584 354 636 ut
368 574 439 636 fides
454 593 489 636 ac
503 572 596 636 virtus
611 573 672 636 eius
687 573 717 635 in
733 574 795 638 dies
810 574 903 654 magis
919 574 1048 643 firmetur
1062 580 1093 632 et
1107 581 1223 644 crescat,
1234 573 1295 632 lleo

128 681 291 744 auxiliante
310 698 445 763 prospero
467 700 599 744 successu
621 681 700 742 haud
723 679 902 753 destituitur;
933 679 1006 741 sicut
1027 687 1126 741 autem
1147 695 1223 760 ager,
1246 676 1295 758 qui

129 787 230 869 spinas
245 797 275 849 et
289 786 412 849 tribulos
427 787 537 868 profert
550 807 570 848 a
585 787 665 849 fundi
680 786 803 848 dominis
812 785 963 868 spernitur,
979 783 1152 848 execrationi
1167 794 1212 845 est
1228 802 1295 864 pro-

131 893 230 959 ximus
245 903 276 956 et
290 895 408 956 tandem
418 893 595 956 comburitur
609 893 704 954 -ita
719 902 749 954 et
763 894 859 964 homo,
875 891 924 974 qui
938 891 1047 954 Christi
1061 889 1205 954 beneficiis
1220 889 1297 950 male

133 1000 226 1062 utitur
240 1010 271 1060 et
285 999 313 1060 in
330 999 466 1080 pristinos
488 1016 596 1061 errores
617 998 766 1074 relabitur,
790 1001 852 1062 Deo
874 998 1057 1080 permittente
1074 999 1190 1060 tandem
1207 1017 1225 1056 a
1241 997 1296 1057 fide

129 1115 160 1168 et
176 1103 271 1168 salute
287 1104 399 1182 definit;
415 1105 480 1166 finis
495 1105 557 1168 eius
572 1115 616 1168 est
630 1106 830 1170 condemnatio
845 1114 972 1174 aeterua.

633 1307 744 1364 Sentio
767 1309 797 1362 4.

129 1443 316 1506 Doctrina
337 1441 555 1504 christiana
576 1441 895 1504 constantissime
916 1452 974 1504 est
997 1441 1226 1522 profitenda,
1241 1450 1298 1502 at-

130 1569 202 1631 que
218 1548 392 1620 maiores,
408 1547 470 1628 qui
486 1547 750 1628 perfiduciam
773 1557 809 1609 et
830 1548 1059 1630 patientiam
1081 1547 1298 1629 participes

129 1655 227 1720 iacti
258 1663 348 1718 sunt
377 1654 649 1734 promissorum
685 1653 923 1728 divinorum,
954 1653 1143 1734 imprimis
1174 1653 1297 1716 Abra-

492 1761 628 1834 hamus,
650 1770 738 1822 sunt
757 1761 950 1830 imitandi,

575 1901 648 1982 (lap.
663 1904 720 1966 VI.
736 1904 855 1969 o·20.

221 2061 266 2122 No
282 2061 368 2124 nimis
384 2071 632 2150 commoverentur
646 2062 783 2125 lectorum
800 2061 899 2137 animi,
914 2081 980 2124 oum
988 2061 1074 2124 multi
1084 2079 1182 2124 eorum
1196 2063 1234 2124 ad
1244 2064 1297 2124 de-

129 2168 281 2230 sectionem
291 2189 310 2229 a
319 2168 455 2249 religione
471 2167 629 2230 christiana
644 2168 825 2244 inclinarent,
841 2169 991 2250 apostolus
1006 2188 1081 2230 nuuc
1096 2167 1297 2230 blandimenta

129 2283 159 2336 et
174 2274 275 2336 laudes
301 2275 456 2336 nonnullas
476 2275 665 2355 adiungendo,
685 2277 840 2356 prudenter
861 2274 1087 2356 reprehensionis
1108 2273 1295 2338 acerbitatem

128 2381 242 2442 emollit
256 2392 286 2442 et
300 2381 417 2462 mitigat
432 2379 473 2466 (v.
489 2383 510 2448 9
529 2419 535 2425 ·
559 2379 631 2464 lt),
654 2390 685 2444 et
707 2391 739 2444 ut
760 2403 779 2443 a
799 2383 959 2447 diffidentia
981 2401 1029 2444 eos
1044 2389 1178 2444 avocaret
1192 2399 1296 2460 eosque

127 2489 165 2550 ad
181 2487 376 2550 constantiam
393 2487 422 2548 in
431 2487 567 2566 religione
577 2488 736 2550 christiana
745 2490 906 2570 profitenda
921 2486 1070 2560 excitaret,
1086 2486 1115 2550 in
1125 2485 1295 2548 memoriam

127 2593 163 2656 iis
178 2603 296 2656 revocat
311 2593 434 2655 maiores
444 2593 572 2674 ipsorum
582 2593 647 2656 fidei
657 2595 820 2656 constantia
830 2595 1004 2676 conspicuos,
1013 2591 1183 2676 praeprimis
1196 2591 1295 2654 Abra-

128 2701 249 2762 hamum
266 2699 305 2782 (v.
325 2699 496 2778 12-15.);
516 2699 638 2781 denique
662 2719 681 2762 a
704 2700 804 2764 divina
826 2700 1012 2781 promissione
1026 2699 1199 2762 Abrahamo
1224 2701 1294 2762 data

126 2805 229 2886 arripit
245 2806 432 2878 occasionem,
448 2815 482 2868 ut
497 2805 639 2868 nonnulla
653 2808 689 2868 de
703 2806 865 2870 voluntatis
880 2807 994 2870 divinae
1019 2804 1156 2868 firmitate
1177 2805 1296 2868 adderet

128 2910 170 2996 (v.
189 2912 229 2977 16
245 2909 355 2995 --20.).
1123 2909 1126 2919 „

216 3037 243 3082 v.
261 3020 290 3084 9.
306 3015 504 3104 Πεπείσμεθα
519 3020 551 3083 δὲ
567 3020 634 3104 περὶ
649 3016 740 3104 ὑμῶν,
757 3018 916 3106 ἀγαπητοὶ,
932 3023 970 3084 τὰ
980 3025 1138 3104 κρείσσονα
1153 3023 1205 3084 καὶ
1221 3017 1294 3105 ἐχό-

128 3147 203 3209 μενα
218 3129 377 3210 σωτηρίας,
394 3121 418 3188 εὶ
433 3127 486 3190 καὶ
502 3121 580 3190 οὕτω
598 3126 761 3212 λαλοῦμεν.
781 3125 988 3205 -Apostolus
1003 3125 1162 3206 alloquitur
1177 3125 1296 3190 lectores

126 3250 196 3316 voce
213 3231 337 3294 blanda:
354 3229 504 3317 ἀγαπητοί
520 3232 574 3296 hoc
590 3231 672 3294 unico
687 3232 776 3296 totius
798 3231 938 3314 epistolae
953 3232 1024 3306 loco,
1040 3251 1076 3294 ne
1093 3232 1140 3314 (ut
1157 3231 1294 3296 Schliclt·

127 3338 197 3418 tinq
219 3334 370 3419 observat)
395 3346 540 3418 putarent,
563 3356 628 3398 eum
651 3339 751 3420 aliquo
781 3337 908 3420 ipsomm
929 3339 995 3401 odio
1016 3337 1162 3413 laborare;
1189 3339 1239 3400 sed
1263 3349 1297 3399 ut

128 3443 242 3514 scirent,
265 3461 330 3504 eum
351 3461 449 3504 amore
469 3442 626 3506 christiano
648 3461 717 3526 erga
738 3443 816 3524 ipsos
839 3445 968 3524 flagrare,
990 3445 1039 3526 qni
1061 3425 1147 3508 amor*
1165 3445 1243 3518 facit,
1263 3453 1294 3506 ut

128 3565 244 3630 semper
259 3548 379 3610 meliora
395 3548 557 3614 ominemur
571 3549 614 3622 iis,
631 3569 703 3631 quos
718 3570 860 3623 ornamus,
877 3560 914 3624 et,
930 3549 954 3612 si
978 3553 1054 3633 quod
1076 3551 1202 3614 severius
1224 3551 1295 3612 dici-

127 3674 201 3728 mus,
217 3655 315 3717 animo
330 3654 487 3736 corrigendi
497 3675 553 3720 nou
563 3655 682 3719 noceudi
691 3657 802 3738 cupido,
817 3657 954 3720 dicamus.
965 3693 1008 3704 -·
1018 3659 1150 3720 Verbum
1166 3658 1297 3746 ἔχεσθαι

127 3785 208 3836 τινος
232 3761 347 3842 proprie
373 3770 472 3824 notat:
502 3763 653 3840 attingere,
677 3763 839 3844 contingere
861 3763 998 3846 aliquem,
1020 3765 1171 3828 cohaerere
1193 3764 1295 3838 alicui;

126 3868 248 3930 deiude:
264 3865 428 3940 finitimum,
438 3867 573 3940 ricinu'm,
583 3868 764 3932 coniunctum
782 3869 868 3932 alicui
878 3890 948 3942 esse,
964 3871 1000 3932 ad
1011 3869 1138 3951 aliquem
1155 3869 1296 3950 pertinere

126 3993 297 4054 quocunque
320 3976 413 4036 modo.
439 4011 470 4018 -
497 3979 631 4061 σωτηρία
656 3975 702 4038 hio
724 3974 900 4049 felicitatem,
923 3975 1055 4058 inprimis
1075 3975 1194 4038 alterius
1217 3976 1295 4038 vitae

124 4081 263 4142 declarat.

215 4206 243 4250 v.
262 4188 311 4250 10.
327 4182 371 4249 Oh
387 4189 445 4270 γὰρ
462 4184 567 4260 ἄδικος
583 4185 599 4250 ὁ
616 4185 700 4263 Θεὸς,
723 4188 931 4256 ἐπιλαθέσθαι
954 4198 1005 4254 τοῦ
1027 4189 1117 4275 ἔργου
1140 4185 1221 4276 ὑμῶν
1243 4195 1295 4256 καὶ

127 4305 182 4383 τῆς
198 4291 330 4380 ἀγάπης,
355 4291 393 4382 ἧς
408 4291 596 4370 ἐνεδείξασθε
619 4291 661 4370 εἰς
683 4299 717 4362 τὸ
740 4292 836 4392 ὄνομα
858 4292 960 4372 αὐτοῦ,
983 4297 1213 4390 διακονήσαντες
1234 4308 1296 4372 τοῖς
