3064 4894
535 359 661 425 Expositis
677 357 738 410 Vll.
757 358 782 409 6.
802 357 827 411 7.
1198 361 1260 425 117

94 536 196 598 driuae
214 537 371 620 proprium,
386 547 416 600 et
430 541 563 601 denotat:
586 538 712 601 decimas
736 538 856 620 exigere,
879 540 1027 602 decimare.
1051 575 1094 586 -
1109 540 1262 603 Formula:

98 642 284 732 ἐξέρχεαθαι
301 643 336 710 ἐκ
352 659 406 736 τῆς
422 643 535 734 bocboc
550 651 635 720 τινός,
651 647 728 708 exire
744 666 759 707 e
781 645 889 708 lumbis
910 645 1040 720 alicuius,
1061 646 1197 709 hebraica
1218 655 1264 709 est

95 759 126 811 et
141 751 265 813 denotat
280 752 366 826 idem,
390 755 467 833 quod
489 752 575 833 gigni,
597 753 733 834 originem
749 755 851 816 ducere
873 755 912 815 ab
934 753 1040 836 aliquo.
1057 789 1099 800 -—
1116 753 1264 816 Particula

96 863 207 944 καίπερ
224 859 253 920 h.
270 858 289 920 l.
306 869 350 921 est
365 859 558 933 adversativa,
575 869 604 920 et
620 869 770 940 propterea
784 879 849 921 eam
860 869 933 922 recte
948 860 1042 922 reddit
1050 861 1183 941 Vulgata
1198 877 1263 941 per:

95 983 290 1045 quamquam;
307 965 457 1046 apostolus
472 965 558 1040 enim,
574 977 606 1027 ut
621 965 650 1027 in
666 965 764 1046 aprico
779 975 831 1040 est,
846 967 1016 1031 eoceedole'e'
1028 968 1264 1049 mammeam

95 1081 193 1152 urget;
209 1080 354 1134 utentem
370 1074 554 1145 demonstret,
571 1072 835 1135 Melchisedeohum
851 1072 992 1154 dignitate
1002 1091 1152 1155 superasse
1162 1073 1263 1135 Abra-

95 1179 216 1240 hamum
244 1190 272 1240 et
288 1180 450 1241 sacerdotes
471 1179 606 1253 iudcium,
631 1179 673 1240 ita
694 1189 927 1260 argumentatur:
949 1182 1060 1261 Magna
1082 1181 1197 1261 quidem
1219 1189 1264 1242 est

95 1287 281 1346 sacerdotum
304 1284 498 1348 Leviticornm
522 1286 655 1365 dignitas,
679 1285 902 1366 apopularibus
924 1285 1008 1359 euim,
1030 1307 1209 1371 quamquem
1231 1296 1265 1349 ut

95 1390 153 1472 ipsi
168 1393 208 1453 ab
223 1390 397 1454 Abrahamo
413 1411 503 1472 genus
518 1392 696 1466 ducentibus,
711 1391 747 1454 iis
761 1392 913 1455 solvuntur
927 1394 1063 1457 decimae.
1100 1393 1160 1456 Ast
1183 1391 1264 1476 (pro-

98 1498 228 1578 sequitur
235 1497 366 1560 versibus
374 1496 466 1583 seqq.)
474 1497 734 1563 Melchisedecbca
742 1501 857 1581 abipso
864 1500 1059 1578 Abrahamo,
1066 1502 1264 1584 patriarcba,

97 1607 215 1686 occepit
230 1605 374 1680 decimae,
397 1608 484 1686 cique
498 1607 531 1668 vi
545 1605 671 1667 muneris
694 1605 750 1686 ipsi
772 1605 947 1680 demandati,
970 1616 1005 1669 ut
1026 1608 1180 1683 sacerdos,
1196 1605 1265 1672 Da·

98 1713 225 1774 nomine
240 1711 397 1775 benedicit
411 1711 451 1796 (v.
469 1709 512 1796 6.)
521 1732 529 1787 ;
552 1714 627 1792 quin
643 1714 736 1776 etium
757 1714 796 1775 ab
811 1714 881 1795 ipso
896 1713 974 1775 Levi
995 1715 1120 1794 eiusque
1132 1715 1265 1796 posteris

95 1819 212 1902 occepit
226 1819 363 1881 decimos
379 1817 418 1902 (v.
435 1819 464 1884 9.
484 1816 555 1901 10.).

183 1997 210 2038 ν.
227 1980 256 2046 6.
273 1973 311 2042 Ὁ
327 1979 359 2042 δὲ
376 1984 418 2068 μὴ
434 1980 707 2065 γενεαλογοίμενος
723 1977 754 2054 ἐξ
771 1975 867 2046 αὐτῶν
882 1979 1084 2045 δεδεκάτωκεν
1104 1976 1261 2066 Ἀβραὰμ,

93 2089 148 2150 καὶ
163 2089 213 2152 τὸν
228 2084 341 2172 ἔχοντα
355 2089 411 2160 τὰς
426 2083 606 2168 ἐπαγγελίας
622 2081 794 2172 εόλόγηαεν.
811 2121 854 2132 -
870 2081 907 2149 Ὁ
923 2087 956 2150 δὲ
972 2089 1152 2148 referendum
1167 2095 1213 2148 est
1227 2088 1264 2148 ad

98 2197 142 2280 μὴ
158 2193 429 2278 γενεαλογοῦμενος
445 2190 477 2266 ἐξ
492 2188 598 2266 αὐτῶν,
613 2192 668 2254 hoe
682 2211 783 2254 sensu:
808 2191 1022 2258 Melchisedech
1044 2211 1121 2266 vero,
1142 2193 1191 2276 qui
1207 2193 1266 2256 ori-

99 2297 195 2377 ginem
211 2318 266 2360 non
284 2299 408 2360 ducebat
423 2318 460 2360 ex
475 2297 596 2378 posteris
612 2298 684 2360 Levi
699 2307 729 2360 et
743 2297 878 2370 Aaronis,
898 2300 937 2362 ab
952 2298 1126 2362 Abrahamo
1140 2302 1267 2363 decimas

96 2404 216 2486 accepit.
235 2441 274 2452 -
293 2405 349 2466 Per
363 2407 454 2468 verba
468 2404 633 2485 sequentia:
649 2407 701 2472 καί
717 2410 768 2480 τὸν
782 2405 895 2492 ἔχοντα
910 2408 964 2472 τὰς
980 2404 1160 2490 ἐπαγγελίας
1175 2405 1265 2474 stlt-

94 2533 187 2599 γηκεν
202 2515 308 2596 magis
323 2512 427 2576 adbuc
442 2513 581 2595 dignitas
596 2511 811 2578 Melchisedeci
827 2514 1036 2595 emoriendum
1052 2514 1266 2576 Melchisedech

97 2620 254 2683 benedicit
270 2617 452 2690 Abrahamo,
468 2619 512 2681 oni
528 2620 690 2682 sacerdotes
705 2619 743 2680 V.
755 2620 789 2680 T.
806 2619 970 2682 benedicere
986 2640 1042 2682 non
1058 2629 1201 2701 poterant,
1217 2621 1266 2701 qui

94 2723 192 2804 potius
214 2726 416 2788 tantummodo
442 2725 681 2798 benedictionum,
703 2745 778 2810 quas
799 2725 953 2788 Abraham
977 2746 996 2788 a
1021 2728 1083 2788 Deo
1107 2736 1265 2808 acceperat,

94 2831 213 2894 heredes
228 2851 290 2894 esse
305 2840 448 2914 poterant.

184 2994 211 3035 v.
228 2975 256 3040 7.
272 2971 376 3060 Χωρίς
392 2974 424 3040 δὲ
439 2980 540 3062 πάσης
555 2973 729 3057 ἀντιλογίας
744 2979 778 3041 τὸ
794 2974 920 3040 ἔλαττον
940 2972 997 3041 berb
1020 2986 1073 3041 τοῦ
1096 2981 1265 3061 κρείττονος

94 3076 270 3162 εὐλογεῖται.
288 3117 328 3125 -
346 3083 382 3142 In
398 3082 452 3143 hoc
466 3099 551 3142 versu
567 3089 768 3160 argumentum
784 3103 805 3144 a
821 3082 1025 3146 benedictione
1047 3093 1184 3156 sumtum,
1207 3104 1264 3165 quo

94 3187 310 3252 Melchisedech
325 3187 418 3250 maior
432 3187 520 3249 fuisse
536 3187 709 3249 Abrahamo
724 3189 871 3267 probatur,
887 3187 992 3250 clarius
1007 3188 1168 3270 exponitur.
1184 3191 1263 3252 Mel-

97 3294 250 3356 chisedech
266 3313 379 3375 nempe,
402 3293 451 3374 qui
466 3293 521 3356 luit
543 3291 651 3354 Christi
673 3301 771 3374 typus,
795 3293 944 3355 benedixit
967 3294 1149 3372 Abrahamo,
1165 3307 1196 3359 et
1210 3297 1264 3360 toti

97 3401 158 3463 eius
174 3399 318 3482 progeniei
341 3420 376 3462 ac
389 3409 596 3480 consequenter
610 3399 699 3461 etiam
714 3398 826 3461 Levitis
840 3409 871 3462 et
885 3401 1080 3464 sacerdotibus
1101 3403 1263 3480 Aaronicis,

92 3525 160 3590 ergo
175 3517 238 3570 tam
253 3506 323 3588 ipse,
339 3527 429 3588 quam
444 3506 585 3580 Christus,
602 3525 688 3587 quem
703 3510 949 3586 repraesentabat,
965 3509 1065 3570 iisdem
1083 3509 1138 3572 fuit
1153 3510 1264 3592 dignior

96 3626 126 3677 et
140 3613 343 3697 praestantior.
375 3615 521 3676 Ptobatur
535 3612 746 3694 consequentia,
762 3613 832 3693 quia
846 3614 974 3677 omnium
985 3615 1159 3678 confessione
1168 3617 1261 3679 maior

92 3731 146 3796 est,
162 3720 212 3802 qui
228 3719 379 3795 benedicit,
394 3720 455 3794 illo,
470 3720 515 3782 cui
524 3719 703 3782 benedicitur
711 3715 819 3802 (Ocra.
835 3741 857 3784 c
872 3718 979 3805 Lam).
1005 3721 1174 3785 Sacerdotes
1184 3723 1261 3786 enim

91 3839 236 3910 tanquam
253 3827 378 3890 ministri
393 3835 424 3888 et
438 3825 537 3889 vicarii
548 3825 601 3888 Dei
611 3824 783 3888 benedicunt
791 3826 908 3909 populo,
924 3837 955 3890 et
963 3829 1043 3890 Deus
1058 3837 1153 3890 ratam
1163 3849 1262 3892 eorum

92 3933 322 3999 benedictionem
345 3954 375 3996 se
396 3932 567 3996 hahitumm
588 3932 617 3996 in
639 3932 714 3996 libro
736 3933 964 4000 Num.v1.2l.
986 3935 1139 4017 pollicetur
1152 3937 1261 3999 dicens:

92 4041 311 4120 ,Inoocobuct
323 4061 436 4105 comen
444 4040 743 4124 mecmscpecfile'oe
758 4037 872 4117 Israel,
889 4047 979 4125 elego
995 4043 1173 4106 benedicam
1188 4045 1260 4109 eie.l

91 4147 358 4214 Melchisedechum
374 4157 472 4210 autem
488 4155 629 4228 tauquam
645 4145 808 4209 ministrum
825 4155 854 4208 et
868 4147 1006 4210 vicarium
1025 4147 1078 4209 Dei
1088 4147 1261 4211 Abrahamo

97 4254 282 4319 benedixisse
298 4253 484 4317 manifestum
494 4262 635 4327 estexeo,
651 4253 720 4335 quia
735 4262 797 4316 erat
806 4255 938 4317 sacerdos
945 4253 999 4316 Dei
1006 4253 1142 4316 altissimi
1149 4264 1179 4316 et
1193 4255 1262 4337 qnia

93 4362 222 4427 decimas
237 4361 263 4424 ei
278 4359 359 4424 dedit
374 4360 538 4426 Abraham.
556 4397 597 4406 -
614 4371 747 4450 κρεῖττον
762 4359 875 4443 proprie
897 4360 1000 4424 melius
1023 4370 1076 4437 est,
1099 4363 1150 4426 sed
1172 4362 1261 4426 etiam
