3072 4882
259 331 323 398 150
682 332 806 396 manso
825 331 869 381 rx.
882 327 994 379 16-1s.

257 513 356 584 missa,
371 511 441 592 quia
457 513 610 600 διαθήκης
633 510 780 574 Mosaicae
796 512 972 573 mentionem
995 513 1100 574 fecerat
1122 520 1151 572 et
1173 520 1273 573 oontm
1296 509 1429 571 Judaeu-

258 617 430 681 cbristianos
451 619 668 699 ad·repetenda
690 635 773 680 sacra
801 617 916 681 iudaica
936 639 967 680 se
988 608 1161 680 inclinantes
1182 605 1362 698 disputabat.
1383 651 1427 661 —

258 725 374 786 Verba:
397 736 451 812 της
479 722 598 790 αἰωνίου
620 728 828 811 κληρονομίας
856 726 1005 786 referenda
1032 734 1101 787 suut
1124 727 1163 786 ad
1185 723 1373 806 ἐπαγγελίαν,
1397 733 1429 783 ut

258 831 422 912 ἐπαγγελία
437 843 491 919 της
501 829 621 896 αἰωνίου
630 833 839 918 κληρονομίας
848 831 976 912 positum
991 831 1030 892 sit
1045 849 1112 912 pro:
1128 835 1320 918 κληρονομία
1335 828 1426 909 ἐπαγ-

157 927 162 937 ’
257 939 398 1023 γελμὲνη,
414 937 557 1018 promissa
572 936 695 999 felicitas
711 946 831 998 aeterua
845 955 896 1016 per
912 936 1059 999 Christum
1081 947 1194 1018 parata.
1213 973 1237 982 -
1270 933 1299 1000 οἱ
1314 937 1427 1020 κεκλη-

259 1049 343 1130 μένοι
359 1051 428 1104 sunt
442 1041 540 1118 iidem,
562 1042 612 1123 qui
633 1043 688 1104 ΠΙ.
706 1045 734 1108 1.
749 1044 889 1131 κλήσεως
913 1041 1090 1127 &coopertos
1114 1049 1248 1129 μέτοχοι,
1270 1041 1429 1104 vocationis

257 1148 389 1211 coelestis
404 1147 559 1228 participes
573 1158 720 1213 vocantur.
1521 1219 1523 1224 ,

348 1275 376 1316 ν.
396 1257 444 1322 16.
455 1251 557 1320 Ὅπου
577 1259 635 1340 γὰρ
658 1257 804 1342 διαθήκη,
827 1259 961 1321 θάνατον
983 1255 1100 1343 ἀνάγκη
1124 1259 1272 1342 φέρεσθαι
1295 1265 1348 1320 τοῦ
1364 1257 1428 1318 δια-

259 1369 401 1448 δεμένοο.
422 1399 458 1408 -
478 1364 542 1424 Iam
557 1364 596 1424 ab
611 1362 671 1423 alia
686 1371 769 1442 parte
784 1382 806 1423 s.
823 1371 924 1424 auctor
938 1371 1051 1443 spectat
1064 1361 1228 1436 Christum3
1244 1380 1332 1442 quem
1342 1370 1428 1422 antea

260 1469 448 1531 mediatorem
458 1469 580 1542 dixerat,
595 1487 745 1530 nunccum
760 1477 900 1530 testatore
909 1478 1067 1549 comparat,
1081 1479 1212 1549 respectu
1227 1467 1428 1530 beneficiorum

261 1579 300 1638 ab
316 1575 380 1656 ipso
395 1584 572 1656 paratorum.
604 1575 712 1636 Sensus
727 1583 785 1635 est:
808 1575 858 1647 Ut,
881 1576 930 1655 qui
945 1575 1041 1638 vocati
1056 1585 1132 1648 sunt,
1154 1575 1347 1637 hereditatem
1362 1592 1429 1654 pro-

260 1682 380 1743 missam
396 1681 565 1762 acciperent,
582 1679 715 1742 Chn'stus
737 1680 826 1742 etiam
846 1682 919 1742 mori
941 1682 1042 1743 debuit
1063 1681 1149 1766 (haec
1169 1683 1260 1743 verba
1279 1681 1429 1761 cogitando

259 1787 421 1851 adiicienda
435 1784 533 1870 sunt);
555 1807 625 1848 nam
647 1797 681 1848 ut
703 1796 910 1849 testamentum
932 1787 1042 1868 aliquid
1063 1787 1172 1860 valeat,
1194 1807 1309 1850 necesse
1331 1796 1384 1860 est,
1398 1796 1430 1847 ut

261 1893 409 1956 testatoris
424 1911 501 1955 mors
522 1891 700 1973 insequatur.
716 1929 759 1939 -
775 1893 908 1955 Verbum
931 1897 1080 1980 φέρεσθαι
1102 1896 1130 1958 h.
1146 1894 1167 1955 l.
1188 1894 1266 1956 idem
1286 1893 1369 1955 valet
1383 1911 1429 1954 ac:

259 1999 379 2080 insequi.

351 2125 377 2167 ν.
399 2107 447 2169 rt.
464 2101 609 2192 Διαδήιη
625 2108 683 2190 γὰρ
700 2103 747 2169 ἐπὶ
762 2115 879 2190 νεκροῖς
895 2109 1010 2189 βεβαία,
1027 2105 1092 2171 ἐπεὶ
1109 2113 1150 2192 μή
1166 2129 1238 2171 ποτε
1252 2103 1361 2192 tupiter,
1383 2103 1427 2168 bre

261 2219 298 2298 ζή
314 2210 330 2276 δ
347 2213 535 2297 διαθέμενος.
554 2247 594 2255 -
610 2211 715 2291 praep.
734 2209 782 2276 ἐπί
797 2211 988 2274 conditionem
1003 2211 1121 2286 indicat,
1137 2223 1170 2274 ut
1185 2213 1228 2273 ita
1243 2211 1292 2276 ἐπὶ
1315 2221 1426 2295 νεκροῖς

261 2319 314 2380 sit:
330 2319 494 2380 interventu
509 2317 610 2380 mortis
625 2326 806 2384 testatorum.
837 2317 1059 2380 Testamentum
1081 2317 1217 2380 nimirum
1241 2317 1365 2380 mortuis
1379 2318 1427 2377 de-

261 2444 342 2486 mum
357 2423 401 2497 iis,
417 2423 466 2504 qui
476 2424 548 2486 illud
558 2424 692 2496 fecerunt,
708 2425 823 2484 firmum
831 2432 890 2499 est;
907 2433 951 2484 est
960 2423 1038 2484 euim
1052 2423 1279 2486 sensuiuridico:
1298 2423 1426 2502 „uolua

263 2533 340 2594 tatis
355 2533 442 2594 iusta
457 2532 610 2592 emanue
625 2530 662 2591 ds
677 2550 719 2606 eo,
736 2530 819 2608 qaod
834 2532 1123 2612 quispostmortem
1138 2551 1232 2594 saum
1243 2531 1320 2610 fieri
1334 2527 1426 2594 uuirt

262 2635 340 2699 Hinc
354 2645 430 2698 certe
445 2638 549 2697 verba:
566 2633 613 2700 ἐπὶ
628 2645 747 2720 νεκροῖς
762 2637 872 2708 docent,
888 2655 992 2696 nomeu
1008 2637 1145 2723 utsupra
1162 2637 1190 2696 b.
1207 2636 1226 2698 l.
1243 2655 1301 2696 non
1318 2638 1354 2697 de
1370 2637 1426 2696 foe-

262 2745 337 2816 dere,
359 2745 410 2804 sed
431 2743 467 2803 de
492 2750 666 2803 testamento
690 2740 894 2841 suplicandum
917 2761 986 2802 esse.
1002 2777 1046 2786 -
1061 2742 1195 2821 Vulgata
1216 2753 1292 2822 part.
1310 2749 1426 2829 μήποτε

263 2848 359 2935 minus
374 2857 450 2911 recte
465 2848 553 2908 vertit
568 2865 635 2927 per:
650 2847 794 2921 nondum;
816 2846 912 2927 potius
927 2846 1070 2927 particula
1086 2848 1158 2909 haec
1172 2847 1246 2908 verti
1262 2849 1351 2909 debet
1365 2865 1426 2928 per:

262 2973 420 3033 nunquam.

324 3088 333 3106 υ
351 3079 377 3120 v.
397 3061 445 3127 18.
456 3056 556 3123 'Oua
573 3055 637 3124 οὐδ’
652 3059 673 3147 ή
688 3064 793 3145 πρώτη
809 3062 905 3145 χωρὶς
920 3057 1047 3143 αἵματος
1063 3058 1290 3140 ἐγκεκαίνισται.
1315 3097 1349 3104 -
1368 3061 1427 3121 Ηοο

266 3184 350 3228 versu
364 3165 438 3227 redit
452 3165 603 3245 apostolus
625 3167 664 3226 ad
679 3163 923 3246 significationem,
945 3185 1034 3245 quam
1058 3165 1166 3226 nomini
1182 3165 1322 3253 διαθήκη
1338 3186 1366 3230 v.
1384 3167 1428 3231 15.

266 3273 434 3334 subiecerat.
450 3307 491 3316 -
503 3277 607 3358 πρώτη
617 3271 677 3336 scil.
687 3273 823 3359 διαθήκη
833 3273 952 3333 denotat
966 3273 1065 3332 foedus
1080 3273 1241 3350 antiquum.
1259 3308 1298 3316 —
1319 3271 1429 3335 cohae-

262 3377 356 3439 rentia
371 3377 445 3438 inter
458 3398 486 3445 ν,
507 3379 555 3444 15.
572 3389 602 3438 et
617 3379 695 3439 hunc
709 3379 781 3438 haec
796 3385 855 3438 est:
871 3376 1005 3439 Christus
1019 3378 1058 3438 N.
1074 3379 1107 3438 F.
1129 3377 1281 3450 mediator,
1305 3389 1339 3439 ut
1361 3379 1428 3439 illud

262 3483 395 3555 sanciret,
410 3483 482 3546 mori
491 3485 618 3546 debebat
629 3481 715 3568 (haec
730 3482 873 3544 sententia
882 3503 910 3544 ν.
923 3485 970 3550 16,
983 3494 1012 3545 et
1026 3485 1075 3548 17.
1092 3484 1308 3563 comparatione
1325 3484 1429 3546 Christi

263 3610 328 3652 cum
344 3599 482 3652 testatore
492 3589 627 3651 instituta
636 3588 852 3670 amplificatur),
868 3589 1053 3669 quarcetiam
1067 3588 1198 3669 primum,
1215 3589 1233 3651 i.
1244 3611 1267 3650 e.
1278 3590 1428 3670 antiquum

261 3699 369 3769 foedus,
385 3699 461 3777 quod
477 3696 544 3758 novi
560 3696 681 3756 foederis
696 3696 880 3757 adumbratio
895 3715 957 3756 esse
972 3697 1106 3767 debebat,
1130 3694 1268 3756 effusione
1284 3696 1430 3777 sanguinis

263 3803 445 3866 victimamm
455 3803 662 3864 confirmatum
677 3810 728 3866 est.
738 3835 781 3846 -
790 3801 922 3862 Verbum
937 3800 1117 3882 ἑγκαινὶζειν,
1133 3803 1210 3880 quod
1226 3813 1344 3881 praeter
1359 3805 1431 3864 huuc

265 3910 358 3970 locum
374 3918 404 3969 et
418 3907 458 3975 X.
475 3910 528 3974 20.
542 3907 573 3969 in
588 3906 670 3968 libris
685 3907 722 3970 N.
733 3907 768 3972 T.
777 3925 835 3968 non
851 3905 962 3987 legitur,
978 3906 1090 3986 proprie
1106 3915 1205 3968 notat:
1221 3909 1317 3970 denuo
1333 3911 1430 3980 faeere,

260 4031 408 4085 renovare,
431 4033 520 4094 quam
535 4031 603 4074 vero
618 4012 763 4098 notionem
786 4014 815 4074 h.
831 4013 850 4076 l.
874 4021 1025 4074 contextus
1040 4013 1164 4093 respuit;
1186 4033 1257 4074 narn
1279 4033 1375 4077 sermo
1390 4023 1430 4076 est

260 4122 296 4182 de
311 4119 407 4200 prima
421 4119 542 4180 foederis
557 4117 698 4198 pactione,
713 4139 771 4180 non
786 4121 822 4180 de
837 4117 1029 4180 renovatione.
1061 4117 1119 4180 Sed
1143 4112 1197 4180 hoc
1216 4119 1294 4180 idern
1310 4123 1429 4183 verbum

260 4227 380 4286 denotat
394 4225 498 4288 etiarn:
514 4223 636 4295 initiare,
651 4242 821 4296 consecrare,
836 4223 981 4296 dedicare;
1000 4225 1027 4288 h.
1038 4224 1056 4284 l.
1073 4224 1191 4297 sancire,
1207 4227 1388 4289 confirmare.

348 4349 375 4395 v,
395 4331 443 4394 19.
459 4326 661 4415 Λαληθεισης
670 4332 729 4415 γὰρ
738 4335 836 4420 πάσης
852 4327 978 4418 ἐντολῆς
987 4332 1066 4396 κατὰ
1076 4335 1125 4397 τὸν
1141 4335 1235 4416 νόμον
1252 4327 1310 4396 ὑπὸ
1328 4331 1421 4397 Meu-
