3094 4892
262 321 307 388 34
671 318 711 369 De
730 325 878 386 argumento
896 319 1023 386 epistolae.

260 501 300 562 ad
322 498 448 561 salutem
469 507 619 562 aeternam
641 498 833 562 necessarium
856 520 918 561 esse
939 501 1093 574 duxerunt,
1126 500 1247 581 ideoque
1267 517 1335 582 erga
1354 501 1432 562 bona

264 605 410 669 messiana
424 605 618 668 indifferentes
640 615 803 680 evaserunt,
825 608 862 668 de
885 624 984 668 eorum
1006 608 1098 688 pretio
1121 607 1255 670 dubitare
1277 617 1432 689 coeperunt

265 723 295 776 et
313 713 341 776 in
358 713 486 796 periculo
500 715 694 774 versabantur
722 713 871 776 deficiendi
894 711 1045 776 aOhristo
1067 723 1097 775 et
1118 716 1155 776 ad
1176 713 1361 777 Iudaismum
1383 733 1431 776 re-

264 821 403 884 vertendi.
435 820 601 883 Periculum
618 821 672 882 hoc
687 822 849 901 augebatur
870 829 933 882 turn
954 821 1133 883 Judaeomm
1155 821 1365 884 incredulorum
1381 840 1431 883 ar-

260 927 591 1011 gumentisasplendore
608 926 703 988 cultus
712 926 834 990 Mosaioi
843 938 872 990 et
879 929 918 989 ab
927 927 1094 990 humilitate
1102 927 1248 1008 religionis
1256 928 1431 991 christianae

260 1035 368 1118 petitis,
393 1044 458 1096 tum
479 1033 706 1107 calamitatibus,
729 1034 835 1115 quibus
858 1033 1015 1096 Christiani
1039 1035 1069 1096 in
1092 1035 1262 1097 Palaestina
1283 1038 1321 1098 ob
1346 1057 1430 1098 suam
1512 1015 1515 1022 ⁴

260 1141 405 1224 religionis
420 1139 625 1223 professionem
646 1151 730 1202 erant
744 1142 844 1222 pressi.
875 1141 1021 1203 Ecclesiae
1043 1141 1180 1204 nlmirum
1195 1141 1429 1206 Palaestinenses

258 1271 315 1313 non
331 1257 448 1312 tantum
463 1247 543 1330 prius
558 1247 768 1329 persecutiones
784 1259 867 1310 erant
882 1249 1043 1329 perpessae,
1065 1251 1116 1311 sed
1137 1249 1227 1310 etiarn
1250 1271 1326 1312 nnnc
1341 1250 1427 1312 malis

258 1355 436 1438 gravissimis
451 1355 604 1428 ohnoxiae,
619 1354 679 1416 imo
694 1355 827 1435 graviora
850 1353 1000 1416 imminere
1022 1355 1196 1418 videbantur
1218 1354 1286 1440 (Vl.
1306 1359 1371 1431 12.;
1387 1358 1426 1421 X.

258 1463 579 1540 36.;x1.35-38.;
601 1462 674 1528 XII.
693 1463 825 1537 1-11,;
850 1462 939 1528 XIII.
956 1459 1006 1546 7.),
1042 1463 1124 1524 Haec
1143 1463 1241 1524 omnia
1265 1464 1359 1526 Paulo
1381 1475 1428 1526 sat

256 1570 446 1633 sufficientem
460 1569 638 1632 occasionem
654 1567 809 1649 epistolam
825 1569 964 1632 exarandi
980 1571 1182 1650 praebuerunt.

345 1695 465 1779 Scopae
480 1703 579 1757 autem
601 1691 742 1774 epistolae
765 1695 894 1758 aPanlo
916 1694 1045 1757 intentus
1068 1693 1169 1777 utique
1193 1705 1268 1758 erat:
1295 1695 1427 1759 Judaeu-

256 1802 428 1867 christianos
452 1823 471 1864 a
493 1800 727 1884 praesentissimo
756 1803 922 1884 apostasiae
949 1802 1076 1884 periculo
1098 1803 1245 1864 retrahere
1267 1805 1348 1865 etin
1371 1805 1426 1866 lide

255 1911 327 1973 Jesu
343 1909 452 1972 Christi
467 1911 560 1972 denuo
577 1909 752 1976 continuare.
783 1911 871 1972 Hunc
893 1929 1011 1992 scopum
1032 1910 1139 1992 partim
1157 1911 1295 1983 docendo,
1318 1911 1426 1993 partim

254 2015 397 2082 monendo
412 2015 527 2097 assequi
549 2015 660 2090 voluit;
676 2017 819 2079 docendo:
835 2017 1001 2098 religionem
1017 2017 1205 2079 christianam
1222 2017 1316 2080 multo
1333 2037 1419 2100 prae-

258 2126 427 2190 stantiorem
445 2123 698 2207 perfectioremque
716 2145 779 2186 esse
799 2104 853 2186 illa
871 2133 968 2186 vetere
993 2123 1138 2200 Mosaica;
1163 2128 1320 2188 monendo:
1352 2127 1427 2189 hanc

255 2234 423 2316 religionem
440 2253 496 2295 non
512 2251 575 2294 esse
590 2233 787 2304 deserendam,
803 2233 853 2293 sed
876 2239 1041 2294 constanter
1063 2233 1254 2313 profitendam
1275 2244 1305 2296 et
1328 2235 1425 2296 omnia

253 2341 335 2404 mala
357 2341 419 2403 eins
443 2359 532 2402 causa
553 2337 665 2401 fortiter
687 2339 846 2401 toleranda.
886 2337 1019 2419 Epistola
1042 2339 1114 2402 haec
1135 2339 1223 2405 XIII.
1248 2343 1300 2407 22.
1324 2341 1426 2405 dicitur

254 2453 346 2531 λόγος
362 2461 416 2538 τῆς
432 2448 664 2534 παρακλήσεως,
687 2464 781 2507 sermo
802 2446 1022 2520 adhortationis
1045 2467 1119 2527 quac
1141 2447 1338 2510 denominatio
1360 2470 1425 2511 cum

253 2566 423 2640 argumento
439 2554 500 2616 eius
515 2554 673 2618 theoretico
690 2563 720 2616 et
736 2554 862 2634 practico
877 2543 1008 2635 apprime
1024 2557 1185 2621 concordat.

797 2746 823 2831 ἕ.
846 2753 876 2818 6.

530 2917 722 2976 Delineetio
746 2919 941 2987 argumenti
965 2919 1140 2988 epistolae.

338 3074 554 3156 Argumentum
563 3071 704 3154 epistolae
720 3071 832 3135 induas
846 3084 945 3154 partes
961 3073 1050 3136 dividi
1066 3074 1152 3136 solet:
1168 3073 1198 3136 in
1208 3076 1422 3157 dopmctc'com

251 3181 289 3268 (1.
307 3181 422 3247 1.-X.
439 3179 503 3264 18.)
519 3189 549 3242 et
563 3179 594 3242 in
607 3185 843 3264 paraeneticum
868 3179 923 3265 (X.
942 3182 1118 3248 19-X111.
1129 3179 1204 3265 25.)
1236 3180 1311 3244 (lum
1322 3192 1422 3245 tamen

248 3289 278 3352 in
294 3298 378 3370 parte
394 3307 508 3370 quoque
523 3287 688 3368 dogmatica
703 3297 852 3350 occurrant
867 3289 979 3350 monita
994 3287 1198 3370 applicationis
1210 3288 1303 3350 instar
1318 3291 1422 3352 addita

210 3398 215 3412 “
250 3395 307 3483 (uti
322 3397 362 3459 11.
381 3397 491 3471 1—4.;
513 3397 569 3462 III.
585 3395 706 3461 t-lv.
728 3397 793 3470 13.;
816 3395 855 3461 V.
874 3393 1114 3479 11-V1.20.);
1140 3415 1262 3478 cumque
1285 3397 1374 3459 etiarn
1391 3399 1420 3460 iu

247 3513 330 3596 parte
345 3502 529 3584 paraenetica
544 3503 630 3584 plura
645 3501 855 3577 contineantur,
875 3523 949 3584 quae
964 3504 1091 3566 docendo
1106 3503 1234 3565 manime
1250 3503 1420 3580 inserviunt,

245 3609 428 3697 (praesertIm
444 3631 506 3692 cap.
522 3607 609 3694 XI.):
632 3611 819 3672 statuendum
843 3619 895 3682 est,
918 3610 1073 3690 epistolam
1096 3611 1238 3692 integram
1264 3612 1421 3675 suhlImem

245 3729 276 3781 et
290 3716 435 3780 eruditum
445 3717 591 3780 continere
600 3727 769 3792 tractatum,
785 3737 842 3798 quo
852 3737 968 3779 summa
978 3718 1158 3798 praestantia
1177 3718 1322 3800 religionis
1333 3720 1371 3788 N.
1386 3722 1421 3785 Τ.

246 3844 315 3908 prae
329 3825 384 3887 illa
399 3825 438 3887 A.
454 3825 489 3888 Τ.
505 3827 728 3898 demonstratur,
745 3835 774 3886 et
790 3827 865 3886 unde
885 3825 997 3886 motiva
1012 3834 1182 3906 repetuntur
1197 3827 1235 3887 ad
1251 3827 1421 3908 religionem

244 3931 433 3996 christianam
448 3941 615 3996 constanter
630 3933 831 4014 profitendam.

332 4039 446 4104 Auctor
467 4039 544 4104 euim
576 4039 718 4120 epistolae
743 4039 818 4100 vivis
842 4038 985 4101 coloribus
1009 4039 1140 4120 depingit
1163 4039 1245 4113 Jesu,
1271 4039 1422 4121 religionis

243 4146 419 4211 christianae
434 4146 604 4220 fundatoris,
621 4145 825 4208 excellentiam
842 4153 872 4206 et
887 4144 1079 4220 maiestatem,
1097 4167 1228 4228 eamque,
1253 4157 1355 4228 utpote
1371 4149 1423 4210 di·

243 4255 352 4330 vinam,
369 4253 487 4317 omnino
503 4263 620 4316 tantam
635 4273 697 4314 esse
713 4254 901 4326 demonstrat,
917 4261 951 4314 ut
966 4273 1065 4318 omnes
1080 4255 1155 4329 illos,
1172 4276 1187 4316 e
1203 4274 1325 4337 quorum
1342 4276 1418 4318 auc·

321 4373 361 4426 tte
374 4372 407 4424 et
422 4360 564 4442 dignitate
579 4359 740 4440 splendoris
750 4359 861 4441 aliquid
870 4359 1049 4424 Iudaeorum
1056 4361 1185 4442 religioni
1201 4365 1333 4426 accedere
1348 4384 1422 4445 pos·
