3096 4886
263 335 328 406 ηερ
540 395 548 411 ,
704 335 830 398 masao
847 333 894 385 xu
909 332 938 385 a
957 333 981 384 ι.

261 517 437 598 ergaDsnm
452 515 547 597 pietas
562 513 706 594 etreligio
728 515 768 576 ab
782 511 916 594 apostolo
930 513 1159 595 fideavocatnr,
1174 509 1436 593 quintah‘bnsin-
1530 525 1531 528 ’

262 624 410 686 nitebatur
424 621 668 704 persuasionibus,
690 639 765 701 quae
786 620 872 680 iuxta
893 637 923 686 v,
940 621 968 685 l.
990 629 1127 680 naturam
1148 628 1180 680 ct
1193 618 1354 680 msam
1368 615 1435 677 tus·
1530 635 1531 648 ¹

261 731 453 804 mustitanum
478 739 509 791 et
522 727 553 790 in
568 729 625 790 hac
639 746 693 789 sua
707 726 757 808 pia
772 735 803 788 et
816 725 929 789 sincera
950 727 1007 788 lide
1022 727 1121 798 ambo,
1143 724 1226 788 Abel
1245 733 1278 784 et
1291 724 1434 800 nmo,

261 855 356 900 οοτειυ
372 837 436 898 Deo
450 835 518 897 insti
534 843 625 896 erant.

350 961 379 1009 v.
394 943 424 1008 4.
441 939 545 1007 Πίστει
566 943 691 1005 πλείονα
719 941 829 1004 θυσίαν
848 933 953 1022 ’Adel
975 943 1058 1023 παρὰ
1074 937 1154 1003 Kato
1184 945 1373 1024 προςηνεμε
1394 949 1435 1020 τῷ
1530 925 1531 946 ¹

264 1047 338 1134 Θεῷ,
355 1045 393 1114 δι’
408 1047 446 1137 ης
462 1046 661 1134 ἐμαρτυρήθη
677 1043 750 1111 εἶναι
773 1046 899 1119 δίκαιος,
922 1055 1148 1130 μαρτυροῦντος
1170 1043 1218 1108 ἐπὶ
1237 1054 1302 1108 τοῖς
1325 1043 1435 1126 δόμοις
1530 1053 1531 1128 ζ

263 1153 356 1222 αίιτοῖι
372 1163 424 1220 τοῦ
440 1150 528 1228 Θεοῦ,
543 1157 596 1218 aul
612 1149 650 1216 δι’
665 1149 760 1240 ebruc
782 1149 949 1216 ἀποθανὼν
970 1151 1014 1216 ἔτι
1034 1153 1132 1216 λαλεῖ
1148 1185 1191 1198 -
1207 1149 1436 1230 Comparativus

261 1265 372 1327 πλείων
389 1281 445 1324 uon
462 1261 582 1322 denotat
596 1259 624 1320 h.
641 1258 661 1327 l,
676 1257 780 1331 maius,
795 1259 846 1319 sed
861 1257 1068 1338 praestantius,
1083 1257 1231 1338 acceptius
1244 1253 1309 1338 (cfr.
1320 1257 1378 1317 111
1389 1255 1436 1328 3.;

263 1369 354 1432 Mttlr.
370 1367 426 1429 VI.
443 1367 510 1441 aba
526 1365 599 1428 ΧΗ.
615 1367 668 1431 41.
682 1365 735 1431 42.
750 1363 812 1446 at).
826 1360 913 1429 -δι’
928 1364 967 1453 ἧς
983 1365 1163 1426 referendum
1177 1374 1223 1425 est
1236 1364 1276 1424 ad
1290 1369 1435 1435 πίοτεοςς
1530 1391 1531 1404 ÷

264 1475 336 1536 ddea
351 1473 440 1535 Abeli
460 1481 491 1534 et
511 1491 656 1553 quaenam
675 1471 729 1533 illa
749 1471 845 1544 fuerit,
861 1469 937 1535 Gen.
955 1469 1023 1556 (IV.
1040 1473 1069 1538 3.
1085 1469 1138 1556 ss.)
1159 1489 1218 1534 non
1238 1477 1435 1541 memoratum

261 1579 412 1662 apostolus
426 1587 524 1641 autem
540 1578 652 1652 exinde,
667 1579 745 1659 quod
760 1575 834 1641 Gan.
850 1574 883 1662 (l.
899 1574 936 1661 c.)
951 1577 1063 1658 legitur,
1080 1577 1171 1639 Abeli
1185 1577 1358 1639 sacrificium
1374 1576 1436 1636 Deo

262 1695 414 1767 acceptum
429 1685 525 1760 luisse,
541 1693 617 1748 recte
632 1684 745 1758 statuit,
760 1683 900 1758 Abelum,
921 1683 971 1765 qui
987 1684 1073 1746 fuerit
1087 1684 1155 1765 pius
1168 1683 1224 1746 Dei
1239 1683 1342 1756 cultor,
1358 1682 1435 1742 lidu-

263 1793 338 1856 ciam
352 1791 383 1854 iu
399 1793 462 1855 Deo
483 1791 647 1855 collocasse.
672 1825 712 1836 --
738 1791 919 1864 discalceat
939 1790 1015 1872 pius,
1036 1793 1161 1871 probus3
1183 1790 1275 1851 οιίειυ
1299 1787 1437 1850 Christus

264 1899 349 1962 Dum.
372 1907 458 1962 vocat
473 1897 602 1961 Abelurn
619 1897 733 1962 dictatus
754 1896 859 1980 (Mtch.
880 1895 1002 1960 xxm.
1025 1897 1101 1966 abl.
1114 1933 1159 1944 -
1175 1895 1224 1961 aa
1237 1905 1303 1969 τοῖς
1317 1897 1437 1980 δώροις,

266 2005 343 2086 quod
358 2004 466 2066 attinet
479 2005 517 2066 ad
538 2021 667 2077 munera,
689 2002 868 2078 sacndcium,
883 2005 959 2084 quod
981 2003 1097 2067 obtulit
1128 2004 1176 2064 le
1197 2000 1272 2064 Gen.
1293 2021 1359 2082 cap.
1381 1999 1436 2062 IV.

262 2119 393 2192 apparet,
408 2109 605 2172 testimouium
620 2107 675 2172 Dei
691 2109 779 2172 luisse
793 2109 908 2191 signum
923 2111 1070 2191 quoddam
1084 2108 1211 2183 visibile,
1226 2128 1310 2189 equo
1319 2106 1438 2170 Abelus

263 2225 294 2278 et
308 2214 417 2278 Gaium
431 2215 586 2278 manifesto
600 2225 802 2297 cognoverunt,
816 2219 880 2279 Deo
895 2216 985 2278 Abeli
1000 2213 1171 2280 sacrificium
1193 2225 1310 2296 gratum
1331 2233 1437 2294 accep-
1530 2249 1531 2274 ι

261 2333 382 2404 tumque
398 2321 494 2396 fuisse,
509 2319 593 2384 caini
607 2339 677 2386 vero
691 2321 879 2405 displicuisse.
910 2319 1068 2393 Quodnam
1082 2322 1177 2397 fuerit,
1195 2341 1262 2384 cum
1277 2321 1382 2382 literae
1396 2339 1435 2381 ss
1530 2353 1531 2430 μ

261 2429 374 2502 sileant,
384 2447 449 2493 cum
459 2427 628 2492 certitudine
644 2429 754 2492 deliniri
770 2429 933 2510 nequit-
951 2429 1008 2493 Pro
1017 2432 1164 2502 λαλεῐταί,
1179 2430 1255 2510 qnod
1270 2436 1374 2489 textum
1388 2444 1438 2488 re-

261 2543 361 2617 ceptus
371 2535 474 2608 habet,
488 2535 572 2596 iuxta
587 2535 1057 2616 testesplurimosetgrevissimos
1066 2536 1219 2616 legendmn
1229 2535 1381 2598 οοίλαλεῖ.
1392 2569 1437 2578 -

266 2639 432 2706 ἀποθανὼν
453 2639 497 2706 ἔτι
512 2642 602 2705 λαλεῖ
622 2643 792 2704 vertendum
815 2651 860 2704 est
880 2659 946 2723 per:
970 2641 1058 2715 Abel,
1083 2641 1152 2706 licet
1171 2650 1311 2712 mortuus,
1334 2649 1436 2702 tamen

266 2743 401 2829 loquitur.
433 2743 586 2816 Quomodo
601 2745 746 2828 loquatur,
761 2767 799 2810 cx
814 2747 876 2811 looo
890 2748 966 2810 infra
981 2749 1233 2812 occurrente'XII.
1250 2748 1305 2813 24.
1330 2765 1439 2826 coguo-

267 2853 364 2925 scitur,
381 2852 441 2915 scil.
457 2871 508 2933 por
523 2851 693 2933 sangninem
707 2873 801 2927 sunm,
816 2855 866 2938 qul
881 2852 955 2917 Gen.
970 2855 1026 2917 IV.
1044 2857 1093 2922 10.
1110 2856 1148 2916 ad
1163 2853 1275 2918 coelum
1290 2853 1437 2914 clamasse

264 2957 376 3023 dicitur.
407 2957 486 3020 Abel
502 2975 568 3038 ergo
582 2975 634 3038 per
646 2957 827 3021 innocentem
850 2979 934 3022 suam
949 2969 1072 3023 mortem
1086 2961 1170 3022 testis
1190 2959 1257 3021 fidei
1271 2961 1369 3021 factus
1383 2969 1437 3032 est,

263 3072 294 3126 et
308 3081 360 3145 per
375 3063 429 3126 hoc
443 3081 528 3126 suum
544 3062 741 3128 testimonium
753 3066 923 3129 adhucdum
944 3065 983 3129 ad
998 3085 1051 3129 nos
1066 3066 1200 3148 loquitur,
1221 3065 1241 3126 i.
1257 3084 1280 3134 e,
1304 3085 1335 3126 se
1351 3064 1438 3126 uobis

264 3170 295 3233 in
310 3168 538 3233 aedificationem
554 3179 683 3233 nostram
693 3175 885 3236 commendat
900 3208 941 3221 -
952 3170 1065 3243 Quanti
1077 3171 1207 3236 Ecclesia
1215 3174 1270 3235 hoc
1278 3171 1321 3252 pii
1330 3171 1438 3232 Abelis

262 3275 462 3339 testimonium
477 3276 543 3339 fidei
558 3277 657 3351 faciat,
673 3297 710 3340 ex
725 3297 833 3341 canone
843 3279 952 3342 Missae
967 3280 1153 3360 cognoscitur,
1167 3279 1264 3361 inquo
1272 3277 1354 3340 Abel
1370 3296 1437 3339 cum

263 3381 438 3445 Abrahamo
453 3392 483 3445 et
497 3383 730 3447 Melchisedecho
745 3404 804 3466 qua
825 3383 1032 3449 semidoatotes
1047 3387 1110 3448 Deo
1130 3383 1303 3466 praeprimis
1323 3384 1438 3464 accepti

263 3497 293 3550 et
307 3506 359 3569 per
373 3507 442 3551 suas
456 3489 619 3553 oblationes
633 3489 777 3553 collectim
791 3491 982 3554 sumtusveri
998 3501 1028 3554 et
1043 3491 1161 3573 perlecti
1183 3489 1316 3553 sacrificii
1337 3489 1437 3552 ideam

262 3596 469 3658 adumbrantes
484 3597 649 3661 laudantur.

351 3722 379 3766 v.
396 3703 425 3771 5.
442 3701 546 3770 Πίστει
562 3699 664 3790 Ἑνὼχ
683 3707 831 3791 μετετέθη
846 3714 900 3769 τοῦ
924 3710 966 3793 μὴ
980 3701 1050 3768 ἰδεῖν
1066 3707 1209 3776 θάνατον,
1231 3707 1285 3767 καί
1307 3699 1369 3788 obp
1384 3697 1435 3766 sb·

263 3815 390 3896 ρίοιιετο,
406 3812 481 3875 διότι
497 3813 666 3896 μετέθηκεν
681 3806 771 3876 αυτὸν
787 3807 803 3874 ὀ
820 3808 908 3882 Θεός·
931 3815 988 3896 πρὸ
998 3815 1056 3895 γὰρ
1066 3803 1121 3899 tlt
1131 3804 1436 3896 μεταθέοεωταίιτοῐι

264 3919 490 4003 μεμαρτίιρηται
507 3913 738 4003 εὐαρεστηκέναι
753 3928 795 4001 τῷ
811 3915 885 4001 Θεῷ.
896 3952 940 3962 -
956 3914 1059 3982 Πίστει
1074 3913 1177 4002 Ἑνὼχ
1194 3917 1352 4002 μετετέθη,
1368 3914 1437 3976 fidei

261 4023 364 4084 merito
374 4023 496 4084 Henoch
505 4022 664 4084 translatus
670 4029 716 4084 est
721 4031 793 4096 ςτοῦ
801 4027 843 4111 μη
852 4019 921 4087 ἰδεῖν
929 4025 1072 4095 θάνατον,
1081 4042 1116 4083 ne
1123 4021 1233 4084 videret
1239 4029 1364 4082 mortem
1372 4017 1436 4104 (cir.

262 4127 337 4190 Gen.
353 4127 393 4190 V.
408 4126 572 4211 21-24.).
603 4127 765 4209 Apostolus
780 4127 876 4190 verbis
890 4127 937 4191 his
952 4127 1069 4202 indicet,
1091 4147 1148 4210 quo
1168 4127 1368 4192 senmvcrba
1383 4145 1436 4186 se·

262 4233 384 4316 queutia
398 4231 504 4298 eGen.
521 4233 572 4318 (V.
589 4231 655 4318 24.)
671 4233 755 4296 iuxta
776 4252 850 4296 vers.
872 4233 961 4296 Alex.
983 4233 1085 4296 citata*
1098 4232 1163 4316 (καί
1186 4229 1255 4319 cdx·
1268 4227 1434 4317 εὑρίσκετο,

260 4341 333 4406 διότι
348 4343 517 4427 μετέθηκεν
532 4337 621 4406 αὐτὸν
638 4337 654 4404 ὁ
670 4337 760 4424 Θεὸς)
776 4339 966 4423 intelligenda
981 4339 1055 4418 οἰυίη
1069 4337 1431 4430 suilcdeptaeset'vatidua
