3064 4894
252 369 295 437 88
659 365 784 430 Expositis
800 363 847 416 Π.
869 361 911 417 lt.
934 366 967 416 V.
989 364 1013 416 1.

251 549 353 610 derent
366 545 594 620 similitudinem,
609 563 685 628 quae
704 544 779 607 inter
795 541 943 607 Christum
966 555 996 606 et
1010 523 1190 607 ludaeorum
1213 546 1368 628 pontifices
1382 545 1432 608 in-

252 655 416 718 tercederet

340 781 368 822 v.
387 761 436 826 16.
453 757 707 847 Προςερχὼρεθα
716 757 767 826 οὖν
778 763 853 846 μετὰ
867 755 1037 846 sapiencia<
1046 770 1087 845 τῷ
1096 761 1201 845 θρόνῳ
1215 772 1271 850 τῆς
1286 765 1431 846 χάριτος,

248 865 298 935 ἵνα
313 870 454 954 λάβωμεν
470 867 566 943 ἔλεος,
588 870 641 932 καὶ
656 873 745 954 χάριν
761 862 894 954 εὕρωμεν
910 863 952 940 εἰς
966 862 1107 950 εὔκαιρον
1122 868 1280 953 βοήθειαν.
1293 903 1335 913 -
1348 868 1432 928 Ver-

252 995 301 1037 sus
317 973 364 1037 hio
379 973 506 1038 continet
521 973 703 1036 coniunctam
719 993 784 1036 cum
800 973 1002 1038 exhortatione
1017 973 1251 1038 consolationem.
1267 1010 1314 1022 -
1329 995 1429 1059 προς-

252 1083 403 1170 όρχιοθαι
419 1079 655 1166 (οοποεροοόεοο
671 1080 751 1145 hebr.
766 1078 853 1190 ppp)
869 1083 989 1142 denotat
1008 1081 1141 1141 accedere
1164 1083 1201 1141 ad
1224 1080 1358 1161 aliquem
1363 1101 1373 1156 ;
1397 1083 1428 1142 in

252 1215 351 1269 nostra
366 1204 489 1287 epistola
504 1203 660 1266 adhibetur
674 1207 710 1266 ‹le
725 1203 793 1279 illis,
815 1205 864 1285 qui
881 1207 975 1266 Deum
997 1204 1129 1286 precihus
1144 1207 1253 1266 adeunt
1274 1201 1340 1286 (cfr.
1357 1206 1431 1267 Vll.

252 1313 321 1388 264
344 1311 385 1375 X.
404 1313 441 1384 1.,
458 1311 528 1386 22.;
551 1310 607 1376 XI.
625 1309 675 1394 6.).
701 1348 739 1358 -
764 1315 838 1400 pacit
862 1309 1039 1399 παρρησίας,
1064 1331 1129 1372 cum
1151 1309 1335 1384 citnfldeutia,
1359 1313 1431 1394 quia

252 1418 314 1485 soil.
329 1417 460 1500 pontifex
485 1427 582 1480 noster
600 1417 733 1480 Christus
756 1429 809 1492 est,
831 1419 903 1480 satis
926 1429 1028 1500 potens
1052 1418 1168 1498 placare
1188 1418 1263 1480 iram
1284 1417 1431 1492 divinam,

251 1527 407 1607 Deumque
435 1525 518 1587 nobis
548 1524 705 1607 propitium
736 1527 860 1589 reddere.
895 1563 921 1568 --
960 1527 1042 1589 Voce
1070 1527 1184 1610 θρόνος
1212 1536 1268 1615 τῆς
1295 1530 1430 1612 χάριτος

254 1631 361 1694 alludit
384 1653 408 1700 s.
432 1641 532 1696 auotor
556 1633 593 1694 ad
625 1650 723 1696 arcam
758 1633 898 1705 foederis,
923 1631 1003 1693 cuius
1027 1631 1202 1712 operculum,
1235 1633 1314 1713 quod
1347 1629 1430 1693 Obe-

250 1738 335 1802 rubin
359 1737 415 1801 alis
444 1737 503 1800 suis
533 1741 707 1813 tuebantur,
738 1739 793 1802 Dei
819 1741 940 1801 thronus
967 1747 1030 1802 erat
1063 1739 1220 1811 terrestris,
1249 1755 1339 1818 super
1370 1759 1429 1820 quo

253 1855 395 1928 tanquam
429 1845 534 1908 throno
559 1847 679 1908 sedebat
703 1847 758 1908 Dei
787 1847 934 1918 maiestas,
959 1845 1092 1926 quodque
1121 1844 1288 1925 operculum
1313 1845 1430 1925 gratiae

250 1951 367 2014 divinae
391 1951 556 2034 symbolum
589 1961 659 2012 erat.
686 1989 728 1998 -
760 1956 874 2039 θρόνος
898 1964 953 2042 τῆς
977 1957 1105 2040 χάριτος
1135 1952 1165 2016 h.
1190 1951 1208 2011 l.
1233 1959 1278 2012 est
1301 1951 1429 2014 thronus

252 2057 305 2122 Dei
322 2057 350 2120 in
373 2057 483 2139 templo
507 2057 632 2130 coelesti,
655 2059 704 2139 qni
731 2061 806 2121 idern
832 2059 958 2139 Messias
980 2059 1017 2119 ad
1042 2057 1097 2119 Dei
1122 2059 1272 2119 dexteram
1298 2059 1428 2120 sedentis

254 2173 306 2225 est.
332 2199 372 2209 -
399 2164 497 2238 flacc,
528 2163 729 2239 misericordia,
756 2165 783 2228 id
809 2165 955 2246 designat,
980 2183 1037 2246 quo
1067 2163 1285 2226 calamitatibus
1318 2165 1428 2245 pressi3
1516 2215 1517 2230 ,

250 2275 351 2358 χάρις,
366 2269 469 2350 gratia,
485 2269 523 2344 id,
539 2292 595 2352 quo
611 2271 697 2352 culpa
720 2293 775 2334 non
799 2283 927 2336 carentes
951 2272 1128 2350 indigebant.
1160 2269 1271 2334 Auctor
1294 2271 1425 2334 indicare

250 2376 324 2450 vult,
340 2395 439 2438 veram
462 2379 559 2439 sedern
584 2377 791 2441 miserirordiae
814 2389 843 2440 et
866 2379 975 2458 gratiae
999 2377 1039 2438 ibi
1062 2379 1255 2458 quaerendam
1277 2398 1351 2452 esse,
1374 2379 1427 2440 nbi
1517 2457 1518 2464 ρ

252 2481 385 2545 Christus
401 2485 438 2546 ad
453 2485 602 2546 dexteram
620 2485 673 2546 Dei
690 2485 838 2546 exaltatus
854 2505 912 2566 qrra
923 2493 1078 2566 perpetuus
1095 2502 1146 2565 pro
1163 2483 1331 2546 hominibus
1345 2487 1427 2566 apud
1517 2465 1518 2468 Ἴ

251 2591 345 2652 Deum
362 2590 528 2652 intercessor
543 2593 630 2653 sedet.
651 2629 658 2636 -
708 2593 739 2652 ln
767 2591 905 2653 formula:
927 2588 969 2664 εἰς
994 2588 1132 2676 εὔκαιρον
1148 2593 1305 2679 βοήθειαν,
1329 2591 1428 2671 parti-

250 2695 316 2759 cula
331 2693 374 2772 εἰς
389 2697 475 2758 finem
494 2697 637 2772 deelarat;
654 2700 793 2785 βοήθεια,
809 2697 961 2772 auxilium,
978 2707 1131 2778 utrumque
1146 2717 1235 2778 genus
1250 2707 1308 2764 τῶν
1324 2696 1427 2764 ἀσθε-

251 2801 692 2890 nelnn(v,15.),soil.peccata
714 2814 743 2865 et
768 2804 952 2866 calamitates
973 2813 1100 2886 spectat;
1123 2801 1265 2890 εὔκαιρος
1289 2805 1427 2892 βοήθεια

250 2911 417 2974 extenditur
432 2913 470 2973 ad
485 2921 579 2974 totum
595 2909 799 2992 tempusvitae
810 2911 975 2992 praesentis,
992 2909 1427 2990 donecHodiecognominetur,

250 3027 284 3079 ut
299 3016 342 3078 ait
356 3037 379 3078 s.
395 3027 495 3080 auctor
510 3039 573 3098 cap.
584 3017 781 3098 praecedenti3
796 3036 909 3098 semper
919 3018 995 3079 enirn
1006 3019 1075 3079 dum
1086 3017 1132 3080 hie
1147 3015 1280 3094 vivimus,
1298 3036 1423 3097 egemus

250 3121 361 3184 auxilio
377 3121 487 3203 gratiae
502 3123 556 3186 Dei
573 3122 727 3210 (Estias).

668 3283 739 3365 (lap.
756 3285 795 3349 V.
819 3303 867 3348 vr.
887 3284 1001 3350 1-10.

340 3443 367 3487 v.
389 3425 413 3487 1.
430 3421 498 3497 Πᾶς
513 3428 571 3510 γὰρ
588 3425 747 3512 ἀρχιερεὺς
769 3423 801 3500 ἐξ
824 3424 994 3510 ἀνθρώπων
1017 3425 1246 3514 λαμβανόμενος
1269 3422 1344 3512 ὑπὲρ
1369 3427 1425 3493 ἀν·

250 3533 383 3615 θρόνπων
399 3533 581 3596 καθίσταται
596 3535 634 3596 τὰ
649 3537 723 3616 πρὸς
739 3535 789 3597 τὸν
805 3529 890 3607 Θεὸν,
903 3530 953 3598 ἵνα
968 3539 1125 3620 προςφὲρῃ
1142 3536 1225 3618 δῶρό
1246 3537 1345 3598 τεκαὶ
1362 3537 1426 3600 θο-

251 3642 316 3711 οἰας
332 3632 406 3723 ὑπὲρ
422 3635 583 3724 ἁμαρτιῶν,
601 3674 642 3681 -
659 3637 807 3700 Pulticula
822 3645 879 3724 γάρ
896 3640 1055 3702 orationem
1071 3641 1106 3701 de
1122 3637 1231 3701 Christi
1248 3639 1424 3720 pontificatu

250 3753 383 3826 coeptam
398 3745 562 3818 continuat3
579 3745 672 3824 pergit
687 3745 763 3806 enim
774 3747 925 3826 apostolus
934 3748 1065 3827 probare,
1075 3744 1225 3808 Christum
1240 3765 1304 3810 esse
1320 3765 1424 3810 verum

250 3851 415 3934 pontificem
422 3860 453 3912 et
459 3850 479 3912 J
480 3852 637 3912 udaeorurn
647 3853 797 3933 pontifices
808 3852 970 3933 longissime
977 3862 1170 3934 superantem.
1183 3889 1219 3898 -
1229 3853 1350 3915 Verbis:
1362 3865 1425 3928 πᾶς

251 3959 411 4047 ἀρχιερεὺς
420 3957 453 4032 ἐξ
462 3955 633 4044 ἀνθρώπων
643 3963 872 4047 λαμβανόμενος
881 3960 902 4022 J
904 3962 1058 4022 ndaeorum
1070 3959 1218 4040 pontifices
1228 3959 1339 4041 respici,
1349 3962 1424 4023 satis

254 4065 403 4148 perspicue
412 4068 522 4138 docent,
532 4085 607 4146 quae
621 4085 650 4132 v.
660 4069 755 4133 2-4,
772 4068 905 4148 leguntur
919 4075 950 4128 et
958 4067 1044 4129 meris
1058 4066 1224 4129 hominibus
1239 4067 1425 4134 conveniunt.

252 4209 293 4218 -
310 4171 499 4254 Partioipium
515 4175 745 4261 λαμβανόμενος
761 4193 817 4235 non
834 4173 958 4255 pertinet
973 4175 1011 4235 ad
1028 4173 1191 4236 subiectum
1207 4172 1261 4258 (ita
1271 4182 1304 4235 ut
1320 4193 1424 4237 sensus

250 4287 338 4342 esset:
355 4279 448 4342 omnis
464 4281 602 4362 pontifex,
619 4280 667 4360 qui
677 4301 714 4342 ex
724 4278 889 4342 hominihus
899 4277 1080 4367 assumitur),
1097 4282 1147 4342 sed
1158 4289 1203 4342 est
1218 4279 1421 4361 praedicatum

250 4393 280 4445 et
294 4395 446 4467 propterea
461 4386 681 4449 resolvendum:
704 4384 797 4447 omnis
820 4385 950 4466 pontifex
973 4406 1009 4456 err
1031 4385 1197 4447 hominibus
1219 4385 1378 4450 assumitur
1392 4397 1423 4450 et
