3064 4894
572 275 697 340 expones
715 275 750 325 v.
778 273 817 324 ιτ.
1235 277 1279 343 95

110 470 205 516 sermo
220 451 292 516 mihi
307 453 460 517 habendus
480 461 524 514 est
539 451 686 532 prolixior,
709 452 804 514 multa
826 451 947 514 dicenda
969 451 1070 514 habeo.
1086 489 1130 500 -
1145 457 1198 519 καί
1212 470 1279 515 ver-

114 561 235 621 tendum
255 569 299 620 est
320 577 388 640 per:
410 569 440 620 et
460 559 585 640 quidem.
601 595 645 604 -
660 559 896 644 διιςερμήνειντις
917 557 1065 638 explicatu
1087 559 1220 624 difficilis
1235 596 1279 606 —

113 669 235 750 νωθρός
257 665 370 748 proprie
393 665 497 728 dicitur
517 665 679 738 imbecillis,
704 664 847 738 infirmus;
869 663 929 726 iam
953 664 1089 744 quoniam
1113 665 1280 740 imbecilles,

113 771 225 852 aegroti
240 771 316 838 tardi
339 773 469 834 suntad
490 773 643 852 agendum,
668 774 788 856 νωθρός
809 769 912 834 dicitur
935 771 1039 832 etiam:
1063 772 1150 834 homo
1171 773 1281 848 tardus,

112 876 208 958 segnis
216 896 226 952 ;
240 876 363 959 denique
378 880 550 940 transfertur
565 877 803 940 hocvocabulum
818 877 857 938 ad
871 875 1011 950 animum,
1027 876 1112 938 itant
1126 881 1281 955 socordem,

111 981 263 1066 stupidum
277 983 392 1048 indicet
409 1017 449 1029 -
466 990 606 1068 mdeste
620 982 690 1048 faeti
706 983 796 1058 estis;
810 982 953 1047 indicatur
968 985 1023 1046 hoo
1042 985 1139 1056 verbo,
1162 984 1282 1048 lectores

113 1099 203 1152 antea
217 1090 305 1154 inisse
320 1091 511 1172 promptiores
525 1092 564 1152 ad
579 1089 755 1164 discendnm,
776 1092 815 1154 ad
839 1092 1002 1172 augendam
1024 1090 1168 1172 religionis
1183 1093 1281 1174 cogni-

115 1197 232 1259 tionem.
263 1196 362 1260 Causa
377 1197 463 1260 huius
478 1196 611 1278 ignaviae
625 1199 721 1260 forsan
737 1208 808 1272 erat,
827 1197 897 1278 quia
918 1197 1004 1264 nimis
1022 1198 1105 1260 othni
1127 1209 1210 1262 erant
1226 1199 1281 1282 legi

115 1304 272 1378 Moesicae,
296 1324 356 1385 qua
370 1304 461 1366 veluti
483 1303 563 1369 obice
578 1303 719 1386 impediti,
740 1303 942 1385 mysteriorum
964 1305 1068 1366 Novae
1084 1305 1170 1386 Legis
1184 1306 1282 1387 expli-

115 1409 259 1473 cationem
274 1428 358 1492 aegre
373 1419 404 1472 et
418 1412 500 1472 tarde
515 1411 670 1494 capiebant
686 1407 841 1495 (Enetos).
872 1408 976 1473 Graeci
991 1410 1161 1492 interpretes
1183 1422 1281 1475 autern

116 1515 203 1579 huius
218 1515 352 1598 ignaviae
367 1537 486 1580 causam
501 1520 629 1580 referunt
643 1517 672 1579 in
687 1517 867 1591 afflictiones,
882 1517 988 1598 quibus
1009 1519 1048 1580 ob
1072 1519 1158 1579 fidem
1174 1517 1282 1582 Christi

113 1633 280 1706 susceptam
296 1623 502 1706 premebantur
515 1644 535 1686 a
549 1623 571 1686 J
572 1623 678 1686 udaeis.
694 1659 738 1670 —
754 1623 834 1712 ἆτιοῄ
850 1625 878 1686 h.
897 1623 916 1684 l.
932 1643 989 1686 non
1004 1623 1145 1691 auditum,
1168 1627 1217 1686 sed
1234 1627 1281 1688 in-

114 1729 307 1812 telligentiam
323 1732 451 1794 denotat

203 1875 231 1916 ν.
250 1857 299 1920 12.
315 1852 379 1922 Kal
393 1859 452 1940 γὰρ
468 1851 640 1942 ὀφείλοντες
653 1852 727 1920 εἶναι
742 1855 921 1919 διδάσκαλοι
930 1855 980 1919 διὰ
995 1859 1045 1920 τὸν
1055 1861 1175 1940 χρόνον,
1191 1858 1281 1924 πάλιν

118 1967 224 2048 χρείαν
239 1961 325 2048 ἔχετε
342 1972 394 2028 τοῦ
410 1963 560 2028 διδάσκειν
573 1957 660 2048 ὑμᾶς.
677 1965 742 2026 τινὰ
751 1963 843 2040 [τίνα]
853 1963 891 2024 τὰ
900 1971 1035 2046 στοιχεῖα
1052 1974 1107 2050 τῆς
1116 1960 1218 2052 ἀρχῆς
1225 1975 1282 2030 τῶν

116 2073 226 2151 λογίων
235 2078 288 2134 rod
297 2065 385 2143 Θεοῦ,
395 2072 448 2134 nal
457 2073 597 2150 γεγόνατε
605 2073 709 2154 χρείαν
719 2067 843 2154 ἔχοντες
852 2071 1016 2148 γάλακτος,
1027 2068 1107 2146 [καὶ]
1117 2064 1152 2132 od
1160 2081 1283 2156 crepent<

116 2186 239 2264 τροφῆς.
266 2211 309 2219 -
331 2173 494 2254 Apostolus
516 2193 600 2236 versu
623 2173 803 2255 praecedenti
831 2183 948 2236 notarat
969 2173 1120 2254 segnitiem
1145 2174 1282 2238 lectorum

115 2299 233 2346 suorum
249 2281 278 2343 in
293 2281 466 2362 adaugenda
480 2280 625 2360 religionis
639 2280 767 2352 scientia,
789 2300 864 2362 quae
885 2299 934 2342 eos
955 2279 1115 2362 impediret,
1131 2281 1284 2362 quominus

115 2387 201 2454 focile
216 2386 410 2468 intelligerent
424 2387 583 2450 doctrinam
604 2385 803 2450 sublimiorem
825 2384 860 2447 iis
881 2387 1097 2468 proponendam
1144 2388 1206 2448 lam
1230 2389 1285 2451 hon

115 2513 202 2558 versu
210 2494 368 2577 exprobrat
383 2492 418 2554 iis
426 2493 619 2574 ignorantiam
635 2513 671 2554 ex
686 2492 740 2554 illa
748 2491 869 2574 segnitie
882 2503 986 2565 ortam,
1002 2513 1036 2555 eo
1047 2491 1210 2572 turpiorem,
1226 2513 1284 2576 quo

117 2601 231 2683 longius
245 2598 384 2682 temporis
398 2599 527 2680 spatium
538 2599 767 2680 praeterlapsum
782 2598 829 2672 sit,
845 2619 882 2660 ex
897 2618 955 2680 quo
964 2597 1123 2662 Christiani
1138 2597 1207 2660 fecti
1216 2599 1284 2673 sint,

116 2725 239 2790 eamque
253 2707 326 2768 adeo
336 2705 480 2786 supinam,
497 2716 594 2768 utnon
609 2704 757 2768 solidiores
766 2703 919 2778 doctrinas,
929 2705 979 2766 sed
988 2703 1132 2786 religionis
1141 2705 1284 2768 elementa

116 2812 252 2878 edocendi
267 2812 333 2880 sint.
353 2847 390 2856 -
415 2812 466 2876 διὰ
480 2821 530 2878 τὸν
553 2787 673 2898 ἱχρόνον,
695 2811 805 2874 ratione
827 2809 973 2892 temporis,
995 2830 1033 2872 ex
1055 2831 1112 2892 quo
1134 2811 1192 2872 iarn
1214 2811 1284 2874 reli-

114 2923 230 3004 gionem
251 2917 439 2982 christianam
462 2917 580 2980 lectores
601 2917 741 3000 epistolae
764 2915 930 2980 didicerunt.
953 2953 996 2964 -
1017 2914 1104 2986 Quod
1128 2935 1283 2998 pronomen

116 3051 182 3094 τινα
198 3025 313 3099 attinet,
328 3024 500 3108 disputatur,
516 3044 555 3086 an
571 3024 722 3106 legendum
737 3023 776 3086 sit
791 3041 948 3104 pronomen
969 3021 1206 3104 interrogativum
1220 3030 1285 3092 τίνα

116 3138 197 3218 (oum
220 3131 368 3214 Voluca,
383 3130 539 3206 Peschito,
556 3130 736 3214 Augustino
744 3127 768 3213 ¹)
778 3128 856 3216 eta),
872 3130 920 3191 vel
930 3148 1087 3212 pronomen
1102 3129 1284 3194 indefinitum

115 3246 195 3314 τινά;
210 3240 261 3302 sed
277 3237 361 3300 lectio
376 3235 517 3318 posterior
531 3241 597 3302 τινά
610 3235 725 3298 videtur
739 3255 801 3298 esse
817 3237 1012 3318 praeferenda,
1038 3235 1107 3318 quia
1122 3235 1197 3300 alias
1212 3239 1285 3302 sub-

114 3348 221 3412 iectum
236 3347 274 3406 ad
294 3346 415 3406 verbum
430 3344 580 3408 διδάσκειν
596 3343 716 3416 deesset,
738 3353 768 3402 et
783 3360 836 3424 pro
851 3343 946 3406 activo
962 3341 1111 3409 διδάσκειν
1134 3344 1284 3425 passivum

115 3454 315 3520 διδάσννεσθαι
330 3459 408 3512 stare
422 3450 540 3512 deberet
545 3468 554 3523 ;
577 3458 673 3512 stante
689 3449 745 3511 hac
761 3447 881 3512 lectione
902 3451 1072 3512 vertendum
1086 3443 1156 3511 est:
1180 3449 1284 3513 iterum

114 3579 189 3642 opus
204 3555 328 3627 habetis.
344 3566 377 3617 nt
392 3554 498 3636 aliquis
513 3574 565 3616 vos
580 3555 682 3616 doceat
697 3555 842 3616 elementa
857 3555 965 3618 exordii
981 3565 1034 3618 etc.
1045 3590 1087 3600 -·
1098 3556 1285 3618 Vocabulum

116 3675 252 3752 στοιχεῖα
268 3663 384 3746 ponitur
398 3664 434 3724 de
449 3661 642 3742 cuiuscunque
657 3661 697 3722 rei
711 3661 810 3736 initio;
825 3661 977 3744 speciatim
987 3671 1086 3723 autem
1101 3662 1155 3723 hoc
1170 3662 1285 3726 nominc

115 3769 309 3854 insigniuntur
316 3767 506 3831 institutionis
515 3768 667 3840 elementa,
677 3768 846 3852 disciplinae
856 3768 946 3841 initia,
962 3768 1125 3830 rudimenta
1135 3767 1282 3852 (oollCol.

117 3881 156 3942 11.
173 3881 202 3944 8.
219 3875 302 3962 20.);
317 3877 368 3938 sed
383 3887 518 3962 στοιχεῖα
533 3888 587 3964 τῆς
603 3873 706 3964 ἀρχῆς
722 3875 796 3937 idem
813 3874 901 3948 valet,
924 3876 1000 3956 quod
1023 3878 1061 3938 τὰ
1082 3886 1187 3957 πρῶτα
1202 3897 1284 3939 στοι-

116 3996 188 4073 χεῖα
202 3985 298 4066 prima
312 3983 464 4046 elementa.
481 4019 524 4028 -
539 3986 578 4047 τὰ
593 3985 682 4064 λόγια
703 3992 756 4047 cod
778 3980 855 4047 Θεοῦ
871 3981 1005 4044 dicuntur
1026 3979 1147 4060 quaevis
1168 3979 1286 4044 oracula

116 4101 147 4154 et
162 4091 253 4154 effata
265 4089 382 4165 divina3
399 4090 425 4150 h.
445 4089 462 4149 l.
481 4099 512 4150 nt
527 4099 678 4151 contextus
701 4088 793 4164 docet,
817 4087 859 4148 ita
882 4097 1001 4149 vocatur
1022 4085 1153 4149 doctrina
1177 4083 1286 4148 Christi

211 4300 229 4370 ¹)
249 4300 411 4366 Augustinus
428 4308 526 4356 tractat,
545 4298 589 4351 98.
608 4302 634 4350 in
651 4299 743 4352 Jonnn.
