3096 4886
510 318 670 394 Parspbrssis
687 322 732 378 IX
753 319 865 376 15-28.

435 551 438 564 ,
513 507 861 587 Paraphrasis

477 612 549 694 Gap.
586 613 643 675 IX.
682 633 728 677 vv.
764 613 901 680 15-28.

195 722 234 782 Et
248 720 312 782 ideo
328 720 395 782 novi
411 719 531 782 foederis
547 718 689 780 mediator
705 729 749 779 est
764 718 932 802 (Christus),
949 728 989 792 ut,
1006 739 1072 781 cnm
1087 719 1166 801 prius
1181 721 1209 782 iu
1225 741 1273 784 re-

102 829 300 909 demptionem
327 845 435 899 earum,
467 846 541 906 quae
566 827 620 886 sub
646 826 738 905 primo
762 827 874 886 foedere
898 836 988 902 erant,
1014 828 1273 907 transgressionum

104 945 228 996 mortem
245 933 374 1006 subierit,
390 952 489 994 omnes
512 951 587 994 nunc
601 931 760 993 vocationis
781 932 912 992 ooeiestis
928 932 1081 1012 participes
1103 935 1272 1013 promissam

103 1041 296 1102 hereditatem
322 1049 470 1100 aeternam
494 1047 712 1118 consequantur.
743 1037 785 1100 Ut
799 1047 907 1108 autem,
923 1038 973 1120 qui
988 1039 1083 1099 vocati
1099 1049 1174 1113 sunt,
1198 1043 1273 1103 hanc

104 1146 295 1208 hereditatem
313 1155 531 1225 consequantur,
548 1143 681 1208 Christus
705 1143 795 1204 etiam
811 1144 883 1205 mori
905 1144 1021 1219 debuit;
1047 1165 1116 1206 nam
1132 1156 1165 1207 ιιι
1180 1157 1273 1209 testa-

111 1263 242 1314 mentum
257 1251 376 1332 aliquod
390 1251 499 1324 valeat,
515 1270 629 1312 necesse
644 1259 696 1323 est,
717 1260 752 1311 ut
772 1249 919 1311 testatoris
940 1268 1017 1311 mors
1031 1249 1212 1334 inaequatum
1228 1264 1274 1314 te-

104 1369 283 1422 stamentum
298 1357 383 1430 enim,
399 1367 513 1420 mortuo
528 1359 644 1420 demum
660 1376 703 1431 eo,
725 1357 775 1436 qui
797 1357 869 1417 iilud
885 1357 960 1430 fecit,
981 1358 1097 1419 firmum
1118 1368 1273 1441 ratumque

105 1477 169 1542 est;
184 1464 324 1546 siqnidem
341 1483 491 1546 nunquam
506 1463 595 1536 valet,
612 1463 751 1544 quamdiu
766 1471 889 1524 testator
903 1462 985 1528 vivit.
1010 1461 1043 1524 Si
1058 1482 1125 1526 vero
1141 1463 1274 1529 Christus

105 1572 175 1634 novi
191 1573 310 1634 foederis
325 1570 475 1641 mediator,
498 1569 619 1632 utillud
635 1569 767 1643 sanciret,
791 1568 863 1630 mori
886 1567 994 1642 debuit,
1017 1580 1169 1651 propterea
1184 1573 1271 1636 etiam

104 1679 258 1761 antiquum
275 1678 383 1750 foedus,
399 1685 500 1757 utpote
522 1676 589 1737 novi
605 1675 730 1738 foederis
752 1676 945 1749 adumbratio,
968 1676 1104 1738 effusione
1126 1680 1274 1759 sanguinis

104 1785 290 1846 victimamm
305 1784 505 1846 confirmatum
516 1792 568 1844 est.
599 1780 698 1852 Quum
709 1783 785 1843 enim
794 1783 912 1862 Moyses
921 1784 1077 1844 secundum
1087 1796 1271 1865 praeceptum

104 1891 237 1952 divinum
252 1909 351 1951 omnes
373 1889 451 1970 leges
468 1888 599 1950 universo
623 1890 734 1970 populo
756 1887 952 1970 praelegisset,
977 1888 1081 1950 sumsit
1103 1890 1273 1971 sanguinem

105 1997 265 2058 vitulorum
282 2005 311 2058 et
326 1995 468 2058 hiroomm
491 2016 549 2057 una
573 2015 639 2058 cum
661 2015 739 2076 aqua
760 2004 790 2056 et
812 1994 882 2056 iana
900 1993 1030 2057 coccinea
1053 2005 1083 2056 et
1103 1997 1229 2078 hyssopo
1244 2009 1274 2059 et

105 2103 203 2184 ipsum
220 2102 326 2163 libmm
342 2111 372 2162 et
386 2121 501 2163 omnem
517 2101 657 2182 populum
673 2101 797 2182 aspersit
811 2101 921 2164 dicens:
944 2100 1001 2163 Hic
1017 2111 1061 2162 est
1076 2103 1201 2182 sanguis,
1216 2125 1273 2185 quo

105 2210 257 2271 dedicatur
272 2218 302 2270 et
317 2209 502 2270 confirmatur
516 2209 625 2282 foedus,
641 2210 716 2289 qnod
732 2209 812 2269 Dens
834 2227 886 2268 suo
901 2209 1040 2269 mandato
1063 2219 1092 2269 et
1106 2229 1171 2271 meo
1186 2211 1274 2274 mini-

107 2315 196 2377 sterio
213 2333 289 2376 nnnc
303 2313 450 2376 vobiscum
474 2313 592 2396 pepigit.
629 2315 751 2396 Insuper
771 2315 861 2376 etiam
883 2315 1103 2378 tabernaculum
1126 2324 1156 2377 et
1176 2318 1274 2380 omnia

107 2441 183 2484 vasa
197 2439 287 2494 sacra,
303 2421 409 2502 quibus
426 2422 583 2483 utebantur
604 2420 633 2482 in
649 2419 800 2494 sacrificiis,
823 2420 955 2482 similiter
976 2422 1100 2500 aspersit
1120 2410 1273 2504 sanguine;

105 2539 138 2590 et
152 2530 210 2590 fere
225 2528 323 2590 omnia
338 2547 353 2587 e
369 2527 441 2608 legis
456 2537 608 2608 praecepto
624 2527 763 2608 sanguine
785 2527 1002 2602 lustrabantur-3
1026 2547 1077 2588 nec
1102 2528 1163 2589 ulla
1185 2531 1275 2591 fiebat

104 2633 235 2698 remissio
251 2644 440 2714 peccatomm,
461 2633 516 2696 nisi
540 2651 590 2713 per
611 2632 779 2695 effusionem
802 2632 956 2713 sanguinis.
991 2631 1023 2694 Si
1046 2651 1112 2714 ergo
1134 2633 1274 2716 imagines

105 2740 273 2804 coelestium
287 2741 334 2801 his
349 2741 562 2821 aspersionibus
577 2749 607 2802 et
622 2738 768 2802 sacrificiis
783 2739 900 2800 lustrari
915 2739 1069 2813 debebant,
1085 2741 1192 2802 debent
1206 2762 1273 2805 ιιοιι-

106 2846 192 2910 lestis
206 2846 271 2926 ipsa
285 2846 544 2926 praestantioribus
559 2845 703 2910 sacrificiis
718 2845 884 2909 consecrari.
914 2846 982 2907 Nou
997 2845 1075 2907 euim
1090 2846 1121 2908 in
1137 2856 1199 2910 arte
1215 2849 1273 2911 bn-

105 2973 195 3014 mana
210 2963 365 3026 exstructa,
380 2953 526 3016 terrestria
541 2953 659 3027 Sancta,
674 2973 750 3034 quae
759 2951 871 3015 nonnisi
881 2963 969 3034 typus
978 2963 1061 3014 erant
1075 2954 1273 3018 sanctissimae

107 3059 164 3121 Dei
179 3059 254 3121 sedis
268 3060 299 3120 in
315 3059 408 3132 coelis,
425 3060 558 3123 Christus
573 3060 702 3136 intravit,
718 3060 807 3122 sedin
822 3060 918 3140 ipsum
933 3059 1053 3134 coelum,
1076 3071 1109 3123 ut
1124 3079 1175 3141 pro
1191 3063 1274 3124 nobis

106 3166 302 3228 intercederet.
334 3167 436 3248 Neque
452 3167 594 3246 ingressus
609 3177 654 3228 est
669 3166 802 3228 Christus
817 3167 847 3227 in
863 3167 983 3238 coelum,
1008 3177 1041 3228 ut
1064 3167 1168 3230 itemm
1183 3168 1273 3230 exiret

109 3283 139 3334 et
155 3273 247 3334 denuo
263 3272 449 3352 semetipsum
466 3273 495 3334 in
510 3292 591 3336 cruce
607 3274 688 3334 Patri
704 3293 755 3335 suo
780 3274 900 3346 offerret,
924 3275 1167 3355 quemadmodum
1192 3295 1273 3337 sum·

108 3389 175 3441 mus'
189 3381 321 3442 sacerdos
335 3377 466 3440 intrabat
488 3380 583 3444 locum
605 3380 708 3460 templi
730 3379 945 3443 sanctissimum
966 3378 1087 3461 singuiis
1106 3379 1189 3443 annis
1203 3403 1274 3444 san-

110 3485 226 3566 guinem
247 3487 341 3546 ferens
363 3485 506 3562 alienum;
537 3485 561 3548 si
584 3486 718 3548 nimirum
741 3488 932 3549 necessarium
954 3487 1064 3560 suisset,
1086 3498 1119 3549 ut
1140 3487 1273 3551 Christus

109 3591 225 3672 saepius
240 3591 426 3671 semetipsum
443 3593 564 3668 offerret,
581 3593 679 3674 utique
697 3592 819 3654 saeculis
828 3592 895 3656 inde
913 3596 952 3655 ab
961 3596 1031 3656 orbe
1039 3593 1153 3656 condito
1169 3595 1273 3656 laben-

107 3698 186 3760 tibus
201 3699 317 3779 saepius
332 3709 454 3760 mortem
470 3701 566 3761 subire
582 3699 743 3772 debuisset;
759 3699 819 3761 iam
833 3718 901 3762 vero
911 3700 999 3761 semel
1015 3710 1130 3761 tantum
1146 3710 1274 3781 tempore

108 3803 179 3884 legis
193 3803 377 3885 evangelicae
401 3807 438 3867 ad
462 3805 608 3886 expianda
623 3815 743 3886 peccata
767 3825 819 3886 per
841 3827 925 3868 suum
947 3806 977 3866 in
999 3825 1080 3868 cruce
1104 3807 1273 3868 sacrificium

107 3911 161 3972 has
175 3910 206 3972 iu
221 3919 312 3972 terras
327 3911 416 3972 venit.
446 3913 486 3973 Ει
500 3921 644 3992 quatenus
659 3913 836 3974 destinatum
853 3924 897 3974 est
913 3911 1078 3974 hominibus
1093 3912 1183 3973 semel
1193 3914 1273 3985 mori,

106 4026 172 4097 post
188 4018 242 4078 hoc
256 4027 355 4078 autem
381 4020 608 4098 exspectandum
630 4028 675 4080 est
699 4019 844 4092 iudicium,
866 4018 909 4080 ita
931 4018 1019 4079 etiam
1035 4017 1169 4080 Christus
1184 4020 1273 4081 semei

107 4123 226 4184 oblatus
241 4133 285 4184 est
300 4126 337 4185 ad
363 4124 522 4186 multomm
546 4125 677 4188 tollenda
698 4135 831 4206 peccata;
854 4125 949 4186 altera
970 4123 1031 4186 vice
1053 4145 1111 4188 nou
1132 4135 1272 4206 tanquam

106 4229 226 4292 victima
241 4228 396 4309 piacularis
411 4231 574 4311 apparebit,
590 4234 640 4294 sed
662 4233 699 4292 ad
715 4231 840 4292 salutem
857 4231 1058 4292 conferendam
1073 4230 1117 4306 iis,
1140 4231 1189 4313 qui
1205 4253 1271 4296 eum

106 4344 283 4421 exspectant.
