3094 4892
281 288 326 358 48
742 288 867 354 Expositin
886 287 906 337 l.
925 284 951 338 6.
970 285 995 338 7.

281 471 536 532 desumtaanntex
546 467 660 550 psalmo
667 465 756 531 XCV
758 469 833 534 lar.
843 468 980 532 Psalmus
989 467 1195 532 isteJehovam
1201 487 1298 552 regem
1305 469 1460 533 universae

282 587 374 639 terrae
388 576 517 640 celebrat
532 575 650 658 eiusque
665 575 824 636 adventum
841 577 878 636 ad
895 575 1029 638 iudicium
1045 587 1075 637 et
1090 576 1348 662 victuriamsnper
1358 597 1459 641 omncs

281 683 336 768 ipsi
352 686 541 746 adversantes
556 682 652 744 vivide
668 681 806 763 depingit
833 682 944 746 Auctor
953 683 1093 764 epistolae
1104 683 1198 756 huius,
1214 683 1332 768 quaein
1342 686 1459 765 psalmo

281 791 336 856 isto
351 793 387 854 de
403 791 519 854 Jehova
541 789 683 863 dicuntur,
707 790 742 850 de
765 787 882 852 Christo
903 790 981 852 dicta
1002 789 1147 872 intelligit.
1178 791 1243 852 lam
1267 809 1338 852 vero
1361 791 1459 852 finalis

280 898 388 962 Christi
406 898 572 980 triumphus
595 915 681 978 super
696 916 796 958 omncs
811 897 920 958 nomini
943 908 1043 959 sancto
1065 897 1126 959 eins
1147 900 1340 960 adversantes
1356 899 1388 960 in
1405 920 1459 960 ex-

281 1019 372 1070 tremo
388 1005 491 1069 iudicio
506 1003 708 1078 celebrabitur,
723 1024 761 1066 ex
776 1025 833 1088 quo
849 1013 940 1085 patet,
955 1004 1028 1066 illud
1043 1023 1131 1086 supra
1152 1015 1349 1066 memoratum
1366 1011 1458 1072 πάλιν

281 1113 447 1197 εἱσαγάγειν
463 1130 563 1174 versus
580 1111 666 1172 huius
681 1113 718 1174 ad
734 1112 892 1174 secundnm
908 1110 1016 1173 Christi
1039 1113 1198 1174 adventurn
1220 1112 1318 1174 referri
1342 1115 1458 1178 debere.

279 1223 356 1284 Tum
374 1220 402 1281 in
418 1229 548 1280 extremo
564 1217 667 1280 iudicio
682 1217 816 1280 Christus
831 1218 965 1280 omuibus
981 1219 1117 1281 creaturis
1137 1219 1227 1281 totius
1241 1219 1320 1280 orbis
1337 1220 1459 1292 conditi,

277 1347 337 1409 qna
361 1327 525 1388 dominator
546 1324 709 1406 apparebit,
737 1325 881 1408 simulque
897 1327 1012 1388 mundo
1035 1325 1145 1388 clarum
1171 1327 1228 1398 fiet,
1252 1325 1306 1406 ipsi
1332 1328 1457 1408 angelos

276 1454 390 1517 quoque
406 1432 551 1494 subiectos
566 1453 637 1504 esse,
660 1430 735 1494 infra
756 1431 979 1513 quos=humana
1003 1432 1121 1495 indutus
1143 1443 1249 1494 natura
1271 1435 1310 1494 ad
1334 1445 1455 1516 tempus

277 1541 438 1604 minoratus
454 1550 524 1605 erat.
540 1574 585 1587 -
600 1538 740 1604 Doctrina
755 1539 828 1602 haec
847 1558 898 1621 per
914 1539 1004 1622 ipsius
1020 1538 1127 1602 Christi
1143 1542 1233 1602 verba
1257 1537 1343 1624 (Mtt.
1362 1541 1453 1605 XVlss

277 1651 345 1726 274
360 1649 466 1713 XXV.
477 1646 543 1732 31.)
559 1659 589 1709 et
604 1665 655 1729 per
670 1649 812 1728 quosdam
829 1647 904 1710 locos
919 1649 948 1709 in
964 1647 1030 1710 aliis
1046 1646 1176 1728 epistolis
1186 1646 1319 1710 Paulinis
1337 1649 1376 1733 (I.
1387 1649 1453 1715 Cor.

275 1759 349 1826 XV,
365 1759 432 1832 28.;
449 1755 580 1837 Philipp,
595 1756 634 1816 ΙΙ.
652 1756 682 1828 9,
702 1757 765 1829 10.;
781 1755 820 1820 11.
837 1755 939 1816 Thess.
955 1755 979 1816 Ι.
990 1752 1034 1839 7.)
1051 1756 1244 1820 confirmatur.
1256 1791 1296 1802 —
1308 1754 1450 1818 Ceterum

273 1862 468 1931 Alexandrini
485 1883 527 1944 ps.
543 1861 674 1928 XCVII.
684 1863 713 1928 Ἰ.
730 1861 913 1943 exprimunt:
929 1869 1156 1951 apcoaovvlcate
1170 1859 1251 1948 αὐτῷ
1260 1868 1375 1938 πάντες
1392 1864 1448 1947 ἄγ·

272 1975 356 2060 γελοι
372 1969 474 2044 αὐτοῦ,
489 1969 537 2032 nbi
555 1979 654 2032 textus
670 1969 822 2031 hebraicus
837 1969 941 2030 habet:
964 1971 1080 2060 0·pr
1102 1972 1163 2048 ἕπῃ
1186 1979 1233 2030 ast
1251 1969 1448 2036 Alexandrini

271 2107 361 2171 etiam
370 2105 437 2168 aliis
451 2105 480 2166 in
498 2103 567 2166 locis
582 2104 698 2197 0571&ss
715 2111 835 2166 vertunt
848 2121 899 2184 per
914 2081 1046 2187 ἄγγελοι.

361 2259 388 2300 v.
405 2241 434 2304 7.
450 2235 514 2302 Καὶ
530 2241 605 2323 πρὸς
623 2242 676 2325 μὲν
692 2239 762 2310 τοὺς
778 2236 928 2319 ἀγγέλους
944 2239 1034 2319 λέγει·
1051 2235 1088 2302 Ὁ
1098 2249 1189 2302 ποιῶν
1204 2249 1274 2312 τοῦς
1288 2237 1445 2322 ἀγγέλους
1520 2309 1521 2336 γ

270 2348 362 2416 αὑτοῦ
372 2349 534 2432 cleopatra,
543 2347 596 2409 καὶ
605 2346 677 2420 τοὺς
689 2348 863 2430 λειτεργοὺς
873 2341 965 2411 αὑτοῦ
975 2351 1069 2430 πυρὸς
1085 2347 1244 2432 φλόγω-
1254 2345 1366 2409 Genios
1376 2369 1444 2410 coe-
1520 2343 1521 2380 ³

268 2458 359 2520 lesres
375 2453 520 2516 inferiores
535 2471 597 2513 csse
613 2449 737 2524 Christo,
753 2452 903 2532 apostolus
925 2452 968 2514 ita
990 2454 1111 2533 pmbare
1133 2453 1227 2533 pergit
1241 2473 1269 2519 v.
1285 2455 1394 2529 7-9,,
1413 2469 1445 2518 ut

268 2565 395 2627 adducat
412 2562 518 2624 iocose
534 2559 712 2640 psalmorum
729 2557 811 2626 libro,
827 2558 856 2620 in
873 2559 978 2642 quibus
993 2559 1068 2640 genii
1083 2559 1127 2621 illi
1150 2560 1292 2622 sistuntur
1314 2561 1443 2624 ministri
1520 2559 1521 2620 5

266 2672 395 2754 adeoque
410 2669 604 2730 instrumenta
619 2665 731 2746 imperii
747 2665 846 2738 divini,
856 2663 990 2728 Christus
1005 2675 1104 2728 autem
1119 2685 1171 2728 rex
1180 2686 1313 2729 summus
1327 2678 1359 2730 et
1374 2688 1443 2750 per-

266 2788 380 2860 petuus.
397 2813 439 2824 -
456 2776 550 2837 Ioum
565 2773 620 2836 hoc
634 2789 719 2836 versu
734 2793 750 2834 e
766 2773 880 2854 psalmo
895 2771 974 2835 CIV.
990 2775 1021 2839 4.
1037 2772 1121 2836 iuxta
1130 2773 1291 2836 versionem
1301 2773 1442 2838 Alexan-

267 2886 382 2952 drinam
397 2881 504 2945 citatus
519 2901 538 2943 a
552 2890 636 2943 textu
651 2879 783 2962 originali
803 2879 833 2941 in
849 2899 882 2942 eo
897 2878 1050 2961 discrepat
1067 2883 1143 2962 qnod
1166 2901 1209 2955 ea,
1231 2901 1307 2963 qnae
1329 2881 1442 2946 ibidem

264 2994 300 3055 de
316 2989 453 3073 potentiis
467 2987 568 3051 mundi
583 2987 697 3071 physici
713 2995 889 3060 asseruntur,
905 2988 943 3048 ad
959 2986 1125 3068 spirituales
1139 2988 1201 3051 sive
1215 2987 1364 3070 angelicas
1380 3010 1438 3071 po-

264 3107 388 3161 testates
403 3098 516 3163 referat.
547 3095 641 3159 Simul
658 3095 746 3158 etiam
756 3093 947 3175 grammatica
962 3095 1113 3156 verborum
1125 3105 1269 3158 structura
1278 3095 1337 3156 alio
1349 3115 1439 3158 sensu

264 3204 422 3286 accipitur;
445 3205 521 3285 quod
537 3203 614 3265 enim
635 3202 665 3264 in
688 3209 771 3263 textu
795 3199 929 3263 hebraico
950 3200 1095 3263 obiectum
1118 3211 1171 3275 est,
1190 3201 1221 3263 in
1243 3201 1439 3266 translatione

267 3313 368 3377 LXX.
384 3332 443 3393 qua
453 3309 650 3393 praedicatum
660 3307 789 3382 occurrit,
799 3307 899 3369 etvice
914 3326 1006 3372 versa.
1031 3309 1065 3370 In
1076 3317 1160 3372 textu
1172 3309 1437 3372 hebraicodicitur:
1520 3325 1521 3328 ’

265 3421 359 3482 Deum
379 3428 480 3481 ventos
496 3413 641 3501 (ῃῆγγτγγ)
657 3418 748 3478 facere
767 3415 883 3477 nuntios
898 3436 965 3476 suos
980 3413 1170 3524 (ppppnb
1186 3416 1279 3478 LXX
1301 3425 1437 3478 vertunt:

264 3555 359 3615 Deum
375 3553 494 3633 angelos
504 3571 570 3613 suos
579 3552 671 3613 facere
681 3548 806 3620 nuntios,
822 3557 852 3610 ct
865 3548 1012 3611 ministros
1027 3569 1094 3610 snos
1114 3551 1207 3612 facere
1221 3552 1315 3636 πυρὸς
1332 3554 1436 3637 φλόγα

261 3659 344 3746 (con.
359 3658 457 3723 Vatia.
475 3657 559 3738 legit:
575 3667 633 3744 πῦρ
643 3660 777 3744 φλέγον).
802 3655 924 3717 Nonnisi
936 3657 990 3717 hoc
1000 3658 1084 3718 modo
1093 3656 1226 3719 convenit
1235 3657 1315 3719 locus
1324 3657 1435 3718 citatus

261 3767 381 3830 consilio
397 3765 530 3838 auctoris
553 3765 602 3848 qui
618 3765 766 3825 ostendere
788 3763 861 3831 vult
884 3774 994 3844 quanto
1018 3764 1110 3826 maior
1132 3763 1224 3826 Filius
1245 3765 1285 3824 sit
1306 3765 1433 3845 angelis;

261 3896 362 3937 sensus
378 3884 437 3936 est:
454 3875 534 3934 Deus
549 3869 659 3952 angelis
674 3871 734 3931 suis
749 3881 890 3951 tanquam
910 3871 1005 3932 ventis
1021 3881 1050 3932 et
1073 3871 1213 3936 ministris
1234 3869 1293 3932 suis
1315 3869 1433 3955 (iisdem

262 3978 387 4064 angelis)
403 3992 544 4060 tanquam
562 3977 723 4059 fulguribus
739 3977 843 4053 utitur;
867 3979 912 4039 vel
923 4001 936 4058 :-
947 3979 1042 4059 angeli
1058 3999 1113 4040 non
1129 3965 1225 4040 minus
1246 3997 1335 4059 qnam
1351 3979 1433 4041 venti
1520 4013 1521 4016 ¹

257 4098 287 4150 et
309 4089 425 4169 fulgura
448 4085 651 4167 imperiosius
682 4095 794 4166 parent.
825 4085 1005 4166 Praepositio
1028 4092 1102 4173 πρός
1127 4095 1227 4148 notat:
1249 4087 1295 4158 de,
1317 4096 1348 4146 et
1369 4085 1431 4148 vim

257 4197 349 4258 habet
363 4211 460 4276 praep.
476 4199 558 4280 περί;
575 4201 672 4274 potest
688 4191 790 4255 resolvi
807 4210 873 4272 per:
890 4195 966 4274 quod
981 4193 1096 4266 attinet,
1112 4193 1217 4255 habita
1230 4191 1352 4259 ratione.
1360 4190 1384 4278 1)

257 4302 468 4309 —a—-k—--n

350 4351 369 4421 ¹)
388 4353 437 4406 (llr.
465 4351 551 4404 wear
569 4355 679 4404 Gramm.
699 4355 765 4404 Aah.
786 4349 810 4401 7.
831 4350 868 4402 St.
888 4349 947 4401 378.
