3064 4894
528 355 652 417 Expositio
671 352 715 400 IX.
741 349 782 400 23.
804 349 846 398 24.
1208 345 1269 410 153

103 537 206 597 valens
222 533 354 614 sanguini
371 535 507 605 humano,
523 531 662 592 sacrificia
677 529 838 611 expiatoria
854 529 891 589 V.
908 530 940 588 F.
957 545 1008 608 per
1030 545 1060 586 se
1075 523 1271 610 capitationem

104 643 207 722 culpae
224 640 335 722 operari
351 659 407 702 uon
425 647 573 719 poterant3
597 639 716 698 deerant
738 646 848 698 ceterae
871 654 983 716 quoque
1005 631 1180 695 conditiones
1202 650 1271 691 oon-

104 749 208 829 dignae
224 759 253 809 et
267 749 410 828 perfectae
425 744 636 822 satisfactionis,
654 763 728 824 quae
744 741 855 804 nonnisi
870 759 921 822 per
930 751 1053 804 mortem
1063 737 1171 800 Christi
1185 754 1272 817 prae-

106 853 177 916 stari
193 861 316 935 poterat,
332 862 362 913 et
377 872 435 913 non
450 869 501 932 per
516 849 608 912 alium
624 851 777 931 quendam,
801 849 869 929 quia
891 848 970 909 solus
992 845 1125 907 Christus
1147 842 1271 905 sanctis-

104 962 195 1023 simus
210 969 273 1021 erat
287 968 317 1020 et
331 976 454 1039 persona
468 957 530 1018 eius
553 976 603 1036 pro
619 957 733 1018 excelsa
755 975 808 1016 sua
830 954 970 1036 dignitate
994 951 1121 1034 personis
1143 949 1270 1012 omnium

105 1067 256 1129 bominum
271 1065 543 1146 superabundanter
557 1064 744 1144 aequivalens
760 1063 821 1124 fuit.

195 1193 224 1234 v.
240 1173 291 1238 23.
309 1168 448 1256 Ἀνάγκη
472 1167 531 1242 οὑν,
556 1175 593 1235 τὰ
617 1176 669 1255 μὲν
693 1167 895 1254 ὑποδείγματα
917 1181 973 1232 τιῑιν
996 1167 1026 1231 ἐν
1050 1177 1110 1238 τοῖς
1134 1161 1271 1248 οὐρανοῖς

108 1283 224 1352 τοὺτοις
241 1281 474 1363 καθαρίζεσθαι,
490 1274 566 1341 αὑτά
583 1277 614 1339 δὲ
638 1280 675 1341 τά
697 1275 858 1362 ἐπουράνια
877 1279 1024 1360 κρείττοσι
1046 1276 1166 1344 θυσίαις
1188 1272 1271 1352 παρὰ
1373 1307 1377 1316 ·

107 1391 225 1459 ταὺτας.
244 1421 284 1432 -
295 1383 456 1466 Apostolus
465 1391 684 1463 argumentatur
699 1382 862 1445 eeoncessis
878 1380 973 1465 (οὑν);
989 1381 1013 1442 si
1028 1379 1168 1460 imagines
1176 1393 1272 1437 rerum
1340 1367 1343 1376 ’

106 1492 272 1554 coelestium
294 1491 340 1552 bis
363 1471 529 1571 talibusque
558 1489 771 1569 aspersionibus
793 1499 823 1550 et
853 1488 1005 1561 sacrificiis,
1032 1487 1132 1568 qualia
1152 1483 1273 1546 Judaeis

106 1599 216 1660 usitata
231 1607 322 1670 erant,
338 1595 455 1658 lustrari
471 1597 625 1669 debebant,
641 1597 747 1658 debent
771 1595 906 1658 coelestia
927 1595 991 1676 ipsa
1016 1589 1272 1674 praestantioribus

106 1703 251 1767 sacrificiis
261 1702 426 1766 consecrari.
443 1736 482 1747 -
495 1701 620 1762 Verbis:
637 1699 838 1788 ὑποδείγματα
848 1715 904 1766 τῶν
921 1701 1023 1773 ἐντοῖς
1040 1697 1177 1783 οὑρανοῖς
1193 1693 1272 1779 (coll.

105 1813 192 1875 VIII.
209 1815 247 1885 5.,
264 1810 320 1871 lX.
337 1810 381 1889 9.)
398 1807 574 1888 significatur
589 1808 809 1870 tabernaculum
824 1807 944 1889 Moysis
960 1809 990 1868 in
1005 1805 1190 1868 cuiusloeum
1205 1821 1272 1863 suc-

106 1917 191 1979 cessit
207 1917 359 1997 templum,
376 1924 464 1995 atque
479 1916 551 1976 adeo
566 1935 618 1995 per
633 1912 709 1979 αὑτά
726 1919 763 1979 τὰ
779 1914 939 1998 ἐπουράνια
948 1911 1070 1993 intelligi
1086 1912 1173 1971 θείνει
1187 1927 1271 1969 sanc-

107 2025 235 2088 tuarium
257 2022 388 2095 coeleste,
410 2020 530 2093 eoelum,
555 2029 589 2081 ut
610 2020 672 2100 ipse
695 2020 845 2100 apostolus
866 2038 951 2082 versu
973 2039 1032 2099 seq.
1054 2016 1162 2098 apertis
1176 2012 1273 2074 verbis

107 2128 185 2195 dicit.
201 2166 244 2178 -
260 2133 407 2214 κρείττοσι
423 2131 552 2199 θυσίαις,
575 2127 824 2207 praestantissimo
846 2127 956 2188 Christi
977 2123 1129 2197 sacrifici03
1151 2117 1273 2202 pluralis

106 2237 218 2317 positus
233 2245 278 2298 est
292 2252 345 2315 pro
360 2231 513 2313 singulari3
529 2233 636 2313 plurali
652 2244 751 2296 autem
766 2252 884 2296 numero
894 2255 962 2296 usus
978 2229 1188 2312 estapostolus,
1204 2225 1272 2306 quia

105 2347 142 2404 de
157 2341 328 2404 lustratione
344 2339 524 2402 tabernaculi
540 2341 681 2402 terrestris
697 2341 838 2402 disserens
854 2359 971 2403 numero
986 2338 1094 2420 plurali
1117 2355 1185 2397 usus
1200 2339 1271 2403 erat,

107 2459 139 2511 et
148 2457 273 2530 «propter
289 2445 418 2509 sacrificii
434 2444 541 2506 Christi
556 2447 776 2526 praestantiam,
792 2449 868 2529 quod
877 2448 906 2508 vi
916 2457 946 2508 et
961 2445 1088 2508 efficacia
1103 2462 1157 2504 sua
1171 2457 1271 2502 omnes

105 2555 182 2617 alias
203 2553 315 2616 hostias
334 2553 499 2633 superabat.
522 2588 565 2598 -
587 2553 719 2614 Verbum
748 2556 973 2638 καθαρίζεσθαι
995 2550 1137 2612 etiamad
1166 2544 1272 2635 ultima

105 2680 207 2723 versus
221 2662 312 2722 verba
321 2659 454 2741 pertinet
469 2660 508 2720 ad
525 2679 599 2740 quae
610 2659 663 2722 hoc
671 2661 905 2742 supplementum
915 2659 1065 2739 cogitando
1080 2652 1271 2716 adiiciendum

104 2748 160 2830 est:
177 2767 295 2853 ἀνάγκη
311 2765 346 2854 ἠν
362 2770 594 2852 καθαρίζεσθαι.
619 2766 752 2829 Christus
767 2777 866 2828 autem
875 2763 1012 2845 sanguine
1027 2782 1080 2824 suo
1095 2755 1272 2823 consecravit

42 2947 50 2954 Ι
106 2873 250 2955 templum
266 2872 387 2934 coeleste
402 2893 453 2933 seu
468 2873 588 2946 coelum,
605 2873 848 2954 quiahominibus
857 2891 908 2954 per
917 2891 1000 2934 suam
1009 2879 1131 2932 mortem
1145 2862 1272 2944 expiatis

104 2978 222 3060 paravit
237 2978 349 3040 aditum
364 2977 479 3041 facilem
495 2979 524 3040 in
539 2978 634 3060 ipsum
651 2980 794 3062 templum
816 2979 945 3042 eoeleste.
976 2957 1086 3038 Christi
1101 2970 1270 3036 sacrificium

107 3084 252 3166 piaculare
268 3094 415 3164 spectatur
430 3084 529 3164 itaque
544 3087 573 3148 h.
590 3086 609 3147 l.
632 3086 718 3148 simul
741 3097 882 3166 tanquam
904 3083 1072 3146 sacrificium
1088 3077 1190 3160 templi
1205 3097 1271 3140 coe-

104 3190 186 3252 lestis
200 3190 383 3252 consecrandi
399 3209 486 3252 causa
501 3191 642 3256 oblatum.

193 3317 221 3357 v.
238 3297 291 3362 24.
307 3293 351 3360 Οὑ
367 3301 424 3380 γάρ
447 3295 490 3370 είς
506 3303 703 3385 χειροποίητα
727 3298 798 3379 ἀγια
821 3295 944 3386 είςηλθε
967 3296 1106 3381 Χριστὸς,
1129 3294 1271 3360 ἀντίτυπα

106 3417 163 3466 τῶν
179 3403 345 3488 ἀληθινῶν,
362 3401 436 3467 ἀλλ’
453 3401 494 3476 είς
510 3402 598 3469 αὑτὸν
614 3411 663 3471 τὸν
674 3403 809 3490 οὑρανδν,
827 3415 875 3469 νυν
892 3403 1114 3491 ἐμφανισθῆναι
1129 3415 1170 3486 τῷ
1179 3421 1272 3485 προς·

107 3515 179 3593 ώπῳ
203 3519 255 3572 τοῦ
279 3508 356 3574 Θεοῦ
385 3506 458 3594 ὑπὲρ
487 3509 580 3599 ἡμῶν·
601 3547 647 3558 -
665 3511 844 3574 Particulam
865 3518 923 3596 γάρ
946 3509 1042 3590 posuit
1063 3509 1220 3591 apostolus,
1240 3516 1274 3567 ut

104 3617 276 3691 ostenderet,
292 3635 349 3696 quo
364 3635 450 3677 sensu
464 3635 551 3677 versu
566 3636 658 3697 praec.
674 3617 798 3680 formula
813 3623 850 3682 τά
860 3616 1022 3703 ἐπουράνια
1032 3618 1172 3678 sumenda
1187 3621 1270 3675 esset.

104 3759 147 3766 —
163 3721 221 3783 Per
236 3726 273 3788 τά
289 3721 368 3803 ἅγια,
385 3742 460 3802 quae
475 3720 609 3785 Christus
625 3724 754 3804 pontifex
769 3724 913 3804 ingressus
928 3733 980 3797 est,
1003 3723 1178 3803 significatur
1193 3721 1272 3781 locus

104 3827 206 3909 templi
216 3827 347 3890 eoelestis
357 3827 563 3903 sanctissimus,
575 3832 698 3912 adytum
708 3829 846 3904 coeleste;
863 3831 938 3910 quod
950 3831 1040 3890 verba
1049 3845 1148 3889 versus
1157 3825 1271 3897 ultima,

104 3944 133 3995 et
148 3953 223 4014 quae
238 3953 266 3998 v.
282 3933 334 3998 25.
351 3934 493 4014 leguntur,
512 3935 583 3998 satis
599 3947 698 4017 aperte
714 3939 824 4000 docent.
856 3938 915 3997 Iste
932 3937 1010 3997 loeus
1026 3943 1151 3996 meretur
1165 3949 1270 3993 nomen

103 4053 160 4104 τῶν
176 4039 267 4120 ἁγίων
283 4053 339 4103 τῶν
356 4039 528 4125 ἀληθινῶν;
552 4044 673 4124 adytum
698 4043 774 4104 enim
797 4041 977 4103 tabernaculi
993 4049 1022 4101 et
1037 4039 1139 4119 templi
1155 4038 1267 4100 Judae-

103 4165 184 4207 0rum
201 4154 264 4206 erat
279 4145 458 4207 solummodo
475 4155 562 4227 typus
577 4148 664 4210 illius,
696 4149 857 4229 Apostolus
873 4150 901 4208 b.
916 4147 935 4208 l.
952 4149 1073 4227 adytum
1089 4142 1270 4206 tabernaculi

101 4262 132 4313 et
146 4251 250 4332 templi
266 4271 323 4313 non
339 4260 426 4314 vocat
441 4249 651 4340 ὑποδείγματα,
673 4255 916 4334 quemadmodum
937 4253 968 4315 in
990 4271 1075 4314 versu
1095 4269 1196 4332 praec,
1219 4249 1270 4310 sed

100 4358 258 4434 ἀντίτυποι
279 4376 364 4425 voces
379 4357 494 4447 quidem
511 4355 674 4448 ὑπόδειγμα
695 4369 725 4421 et
740 4359 895 4436 ἀντίτυπος
910 4361 940 4424 b.
955 4359 975 4424 l.
992 4367 1060 4422 sunt
1082 4355 1265 4440 synonimae3
