3096 4886
245 338 310 402 230
504 337 630 401 Expositio
648 334 718 384 XIII.
736 331 850 386 23-25.
875 336 1035 400 Paraphrasis
1053 335 1124 386 XIII.
1142 334 1255 386 23-25.

244 513 411 578 testamenti
425 514 615 578 continentur.
630 549 671 560 -
689 513 873 600 ἐπιστέλλειν
891 534 977 595 saepe
992 533 1012 575 a
1026 514 1214 595 scriptoribus
1228 516 1271 578 ita
1286 516 1409 597 ponitur,

244 632 278 686 ut
291 621 368 684 idem
383 619 423 683 sit
437 623 514 702 quod
529 626 654 707 γράφειν
670 617 732 705 (cfr.
749 619 815 682 Act.
832 620 905 682 XV.
922 619 1097 696 20.;xx1.
1115 619 1190 705 25).

333 749 360 792 v.
377 729 428 795 23.
444 725 608 793 Γινώσκετε
623 732 672 794 τὸν
688 725 913 814 άδελρὸνηρών
927 723 1080 813 Τιμόθεον
1090 727 1325 815 ἀπολελυμένον,
1337 724 1410 814 μεθ’
1530 815 1531 828 ¹

245 833 290 910 οὖ,
313 835 365 900 ἐὰν
382 841 488 922 τάχιον
511 835 648 922 ἔρχηται,
671 833 783 921 ὄψομαι
806 829 894 921 ὑμᾶς.
911 869 954 878 -
969 829 1135 900 Γινώσκετε
1149 835 1180 896 in
1195 835 1251 898 bac
1272 823 1412 898 orationis

244 943 316 1005 serie
331 961 388 1004 nou
404 949 448 1002 est
462 940 644 1015 indicativus,
660 941 710 1003 sed
725 939 930 1022 imperativus;
944 939 1019 1003 vorti
1034 941 1136 1003 debet:
1152 941 1261 1006 scitote.
1279 978 1321 988 —-
1330 943 1411 1004 Ver·
1435 987 1439 996 .

246 1051 317 1111 bum
332 1047 561 1135 ἀπολελυμένον
577 1049 706 1122 denotat„
722 1047 910 1110 Timotheum
924 1047 1013 1108 fuisse
1028 1046 1135 1110 alicubi
1146 1047 1177 1110 in
1187 1047 1319 1122 vinculis,
1334 1068 1412 1111 nuuc

244 1155 304 1218 iam
319 1173 387 1218 vcro
402 1155 554 1217 dimissum
569 1154 615 1235 (nt
632 1151 881 1238 Ολπρεοειοικνε,
897 1155 1107 1218 Oecammiuo
1122 1163 1152 1216 ct
1161 1155 1412 1240 rteoptytooao

245 1259 374 1347 putant),
389 1261 524 1343 quamvis
538 1279 631 1342 neque
647 1281 684 1322 ex
698 1259 766 1324 Act
780 1260 850 1342 Ap„
864 1279 958 1342 neque
972 1279 1010 1322 cx
1024 1259 1083 1323 alio
1091 1261 1263 1324 documento
1276 1260 1412 1324 historico

244 1368 355 1450 aliquid
370 1369 406 1430 de
422 1367 569 1430 Timothei
584 1366 755 1450 captivitate
770 1376 891 1434 constet.

332 1474 430 1540 vrrs.
454 1471 658 1542 Ἀσπάσασθε
676 1481 791 1549 πάντας
813 1476 883 1548 τοὺς
905 1472 1090 1563 ἡττωμένους
1120 1470 1201 1560 ipso
1223 1478 1276 1538 Ml
1298 1480 1410 1548 πάντας
1532 1516 1533 1572 ν

244 1584 315 1656 τοὺς
336 1579 449 1664 ἁγίοος.
481 1577 686 1658 Ἀσπάζονται
708 1578 788 1667 ὑμᾶς
814 1578 842 1646 οἱ
857 1579 917 1645 ἀπὸ
941 1592 997 1668 της
1012 1577 1154 1654 Ἰταλίας.
1170 1615 1213 1626 -
1229 1581 1286 1642 Ροτ
1307 1578 1410 1663 &ploos

244 1697 313 1749 sunt
333 1687 441 1764 fideles,
464 1688 621 1763 christiani,
636 1687 824 1770 intelligendi.
844 1723 878 1732 -
900 1682 928 1751 οἱ
943 1671 1003 1752 άπὸ
1018 1699 1073 1776 της
1088 1684 1221 1761 Ἰταλίας
1242 1696 1312 1749 suut
1334 1686 1412 1749 olui-

244 1793 331 1856 stiani
346 1796 375 1857 in
385 1794 474 1859 Italia
482 1805 644 1872 versantem
660 1793 835 1876 praepositio
844 1791 921 1854 enim
930 1791 990 1858 άπό
1006 1792 1049 1854 ita
1063 1793 1131 1874 poni
1141 1793 1223 1866 solet,
1237 1802 1270 1854 ut
1284 1792 1410 1874 patriam

155 1963 159 1970 ,
245 1911 297 1963 aut
313 1901 489 1964 domicilium
504 1901 618 1966 indicet
659 1900 708 1966 Sic
723 1901 790 1966 Act
806 1900 910 1962 XVII.
928 1901 979 1967 13.
995 1897 1023 1964 οἱ
1039 1899 1099 1966 ἀπὸ
1114 1912 1170 1988 της
1185 1898 1410 1986 Θεσσαλονίκης

243 2004 385 2074 ’[οοδαῖοι
400 2017 470 2070 sunt
490 2008 596 2070 Judaei
619 2006 907 2081 Thessalonicensem
928 2003 975 2070 Jo.
991 2005 1048 2088 XI.
1068 2008 1095 2071 1.
1118 2007 1256 2081 lazarus,
1280 2007 1331 2089 qui
1352 2007 1411 2067 Be-

242 2113 362 2178 thaniae
376 2117 558 2196 aegrotabat,
573 2115 678 2178 dicitur
694 2109 841 2200 Λάζαρος
856 2113 916 2180 άπὸ
932 2110 1106 2199 Βηθανίας
1129 2113 1219 2175 etiam
1233 2114 1313 2195 apud
1327 2112 1410 2178 Pro·-

243 2221 345 2285 loaem
361 2218 478 2304 (Legat.
494 2223 532 2283 ad
547 2217 664 2306 Gaium)
681 2217 710 2286 οἱ
724 2219 784 2286 ἀπὸ
800 2217 925 2308 Ῥώμης
945 2228 1014 2281 sunt
1027 2219 1164 2294 Romani,
1187 2215 1215 2285 οἱ
1237 2218 1298 2285 ἀπὸ
1314 2216 1408 2286 Ἀλε·

244 2329 408 2414 ξανδρεὶας,
426 2327 627 2390 Alexandrini.
658 2325 717 2390 Sed
726 2346 792 2390 oum
806 2325 917 2389 verbis:
934 2323 962 2392 oi
977 2325 1037 2392 ἀπὸ
1051 2339 1105 2416 της
1115 2324 1250 2402 Ἰταλίας
1259 2327 1410 2409 significari

243 2435 332 2498 etiam
348 2443 504 2516 potuemnt
518 2433 676 2510 christiani,
700 2433 750 2516 qui
773 2453 811 2496 cx
832 2433 921 2496 Italia
945 2443 1092 2508 venerant,
1114 2434 1212 2516 plures
1233 2434 1410 2516 interpretes,

245 2541 376 2624 inprimis
391 2541 441 2624 qui
457 2543 532 2606 hanc
547 2541 702 2623 epistolam
716 2541 830 2604 Romae
845 2549 997 2602 exaratam
1015 2539 1103 2603 fnisse
1113 2550 1262 2624 negarunt,
1276 2541 1335 2606 imo
1345 2561 1409 2604 eam

242 2670 266 2715 s.
281 2649 376 2710 Paulo
391 2648 524 2730 apostolo
539 2647 764 2710 abiudioandam
779 2667 841 2709 esse
856 2649 1071 2722 contenderunt,
1087 2648 1164 2711 hano
1179 2649 1342 2731 explicandi
1360 2667 1410 2711 ra-

243 2755 351 2818 tionem
376 2755 463 2836 priori
488 2755 705 2836 praeferendam
730 2755 883 2828 duxerunt,
907 2763 937 2816 et
961 2753 1101 2836 epistolae
1125 2765 1272 2820 auctorem
1296 2755 1410 2820 nomine

242 2856 463 2936 christianorum
479 2882 515 2924 ex
531 2861 621 2923 Italia
635 2862 820 2942 profugorum
836 2861 992 2925 lectoribus
1007 2861 1067 2924 suis
1089 2863 1215 2925 salutem
1236 2863 1344 2926 dixisse
1358 2865 1409 2925 de-

244 2970 404 3030 tenderunt
435 2966 493 3030 Sed
508 2968 586 3049 prior
600 2967 757 3049 explicatio
771 2967 962 3032 verosimilior
980 2977 1040 3044 est;
1062 2988 1132 3031 nam
1153 2969 1178 3032 si
1200 2971 1349 3052 apostolus
1363 2971 1409 3032 in-

245 3073 407 3136 tellexisset
416 3073 587 3136 christianos
602 3074 738 3136 exitalia
752 3076 896 3156 profugos,
912 3075 1092 3138 booomnino
1102 3075 1200 3160 aliquo
1209 3077 1316 3139 saltem
1324 3079 1409 3140 modo

242 3181 431 3257 declarasset;
447 3182 505 3243 fors
520 3179 683 3243 scribendo:
700 3177 728 3246 οἱ
743 3179 803 3246 ἀπὸ
819 3193 873 3269 της
889 3178 1025 3256 Ἰταλίας
1039 3188 1192 3268 παρόντες.
1240 3197 1242 3204 ’
1327 3217 1332 3225 ·

333 3307 360 3351 ν.
376 3288 429 3354 25.
446 3283 485 3350 Ἡ
501 3293 592 3374 χάρις
609 3291 684 3374 μετὰ
700 3294 817 3354 πάντων
833 3283 923 3373 ὑμῶν.
947 3284 1057 3377 Ἀμην.
1077 3325 1117 3335 -
1133 3288 1286 3352 Concludit
1301 3290 1408 3371 episto-

241 3394 304 3455 lam
319 3393 522 3475 apprecatione
536 3392 657 3475 gratiae,
672 3393 835 3475 significans
850 3394 1009 3458 eonomine
1020 3396 1238 3458 bmencentiam
1253 3397 1319 3470 Dei,
1334 3412 1407 3478 qna-

245 3510 329 3564 tenus
343 3503 382 3563 ab
398 3520 434 3563 ea
448 3501 532 3565 nobis
547 3500 647 3565 omnia
661 3503 738 3564 dona
752 3500 858 3564 salutis
872 3501 1051 3582 proveniunt.
1068 3501 1139 3587 (cfr.
1154 3503 1212 3566 stt.
1221 3504 1276 3567 ΠΙ.
1295 3500 1366 3587 15.).

649 3607 999 3688 Paraphrasis.
1135 3637 1137 3644 ·
1196 3618 1198 3626 '

533 3712 1311 3796 ,mmmmmww=

332 3821 459 3884 Obsecro
474 3830 573 3883 antem
588 3839 650 3894 vos,
665 3822 776 3895 fratres,¹
791 3822 841 3883 ‘u't'
857 3821 1067 3884 cohortationes
1089 3835 1171 3883 meas
1195 3835 1287 3903 aequo
1313 3811 1409 3885 feratis

243 3928 351 4003 animo,
367 3927 475 3992 etenim
489 3928 519 3990 in
541 3927 577 3990 iis
599 3927 683 3990 vobis
707 3926 864 3990 scribendis
888 3927 1001 3990 brevior
1023 3927 1074 4002 ini,
1098 3947 1196 4009 quam
1211 3928 1347 3991 nimirum
1370 3929 1409 3991 rei

243 4036 372 4116 grantes
387 4035 536 4116 postulat:
564 4023 683 4108 ώοιιοιο,
705 4033 997 4116 quod-otariutnus·
1012 4036 1219 4098 naoer'nooer
1238 4035 1408 4098 timotheo

243 4143 315 4204 sno
329 4133 453 4204 nunus
468 4135 596 4216 solutus}
611 4141 775 4216 cumcun
790 4140 847 4203 no
861 4140 977 4202 reaten
991 4143 1029 4202 an
1044 4125 1098 4215 ne,
1118 4141 1321 4204 aestuosum.
1352 4142 1408 4206 Sa-

244 4249 338 4310 lutate
354 4263 455 4311 onnes
469 4237 740 4308 antistitesoestros
756 4233 900 4309 erumnas
914 4247 1023 4314 tidelm
1052 4245 1195 4312 {Salutem
1205 4229 1410 4312 ''tobb'dronnr

241 4343 394 4419 christiani
409 4353 515 4419 Italici.
545 4339 641 4415 Feror
655 4342 769 4414 dirlnus
783 4340 871 4414 tobis
883 4353 1018 4417 drn'nlbds
1032 4354 1196 4437 contingat!
1210 4343 1348 4418 lamen·
1373 4366 1375 4377 '
