3096 4886
542 338 667 432 neoda
684 359 730 415 xr.
748 357 792 416 es.
810 355 854 416 ae.
1218 357 1281 433 χρη

113 552 220 608 exstat
235 579 279 591 -
294 541 450 626 Expressio
472 549 714 630 κατηγωνίσαντο
737 545 892 627 βασιλείας
913 541 1009 605 referri
1031 548 1129 625 potest
1149 551 1213 606 turn
1244 545 1282 606 ed

113 653 232 716 iudices
255 648 317 736 (σίν.
332 670 361 712 v.
377 646 493 734 praee),
512 657 575 711 tum
598 650 637 712 ad
658 649 828 724 Desidere,
849 650 899 731 qui
914 651 1072 723 Moabitas,
1087 649 1284 724 Ammonitas,

112 760 276 832 Idumaeos,
294 756 473 818 Philistaeos
488 764 517 817 et
532 753 635 837 Syriae
650 774 730 837 reges
745 755 914 822 debellavit.
923 793 959 802 -
975 753 1150 842 εἰργάσαντο
1166 758 1282 824 δικαιο-

113 869 204 952 σίννην
218 863 316 926 referri
324 865 412 925 debet
426 862 475 924 vel
490 863 529 923 ad
538 861 645 924 iudioes
654 863 821 944 generatim,
836 863 884 924 vel
893 863 1042 944 speciatim
1058 861 1282 928 udSomaelem

112 983 142 1035 et
164 971 281 1053 quidem
302 979 421 1051 propter
440 968 503 1030 eius
523 967 804 1032 administrationem
831 967 1019 1031 iustissimam
1042 969 1284 1052 severitatemque

112 1079 142 1141 in
165 1079 227 1140 iure
249 1078 364 1148 tuendo,
387 1073 482 1156 prouti
504 1073 630 1155 populus
659 1074 721 1157 ipse
743 1075 769 1136 ei
788 1074 986 1138 testimouium
1012 1075 1161 1157 perhibuit
1186 1076 1283 1139 verbis

111 1186 149 1270 (Ι.
163 1183 245 1247 Sum.
260 1183 333 1245 XII.
349 1179 408 1266 4.):
433 1181 563 1263 ,Neque
585 1181 769 1264 oppressisti
791 1201 861 1257 nos,
882 1201 980 1262 oeque
1001 1181 1102 1246 tulisti
1123 1184 1161 1247 de
1180 1205 1280 1248 morta

111 1289 250 1355 alieuius
265 1289 430 1371 quidpiam
438 1291 461 1352 ⁸.
471 1322 515 1332 -
524 1285 671 1373 ἐπέτυχον
687 1283 887 1370 menstrua
903 1287 1041 1350 nonnulli
1056 1289 1147 1350 verba
1156 1289 1229 1352 haee
1242 1291 1281 1352 ad

111 1399 189 1459 bona
203 1405 316 1456 terrena
330 1413 350 1455 a
364 1393 426 1455 Deo
441 1393 583 1474 promissa
597 1401 629 1454 et
642 1401 762 1474 ueoepta
777 1393 921 1468 referunt3
950 1393 1001 1455 alii
1015 1411 1084 1456 vero
1099 1413 1157 1457 non
1172 1396 1210 1457 ad
1225 1397 1281 1459 ob-

110 1502 217 1566 iectum
239 1500 421 1582 promissum,
446 1501 497 1561 sed
520 1501 558 1562 sd
578 1499 674 1580 ipsum
698 1499 808 1561 laetum
830 1499 1029 1580 promissionis
1052 1501 1179 1563 referunt
1201 1503 1282 1564 etde

110 1607 336 1690 prophetisque
359 1605 479 1679 talibus,
499 1606 605 1688 quibus
626 1603 829 1686 promissiones
850 1605 998 1667 revelatae
1019 1613 1096 1680 sunt,
1119 1606 1197 1670 diota
1218 1627 1281 1670 esse

111 1723 227 1797 putant
250 1751 275 1759 -
302 1711 434 1800 ἔφραξαν
450 1717 587 1799 στόματα
602 1714 730 1777 λεόντων
752 1711 788 1773 de
802 1709 945 1775 Daniele
965 1711 1148 1793 potissimum
1171 1713 1280 1777 dietum

111 1821 286 1886 oensendnm
293 1816 1280 1904 est(DanVI22.),quamvisetiamoeoisioleonumperSoemonem

111 1927 194 2013 (Jnd.
210 1925 299 1989 XIV.
315 1922 360 2011 6.)
376 1934 407 1986 et
421 1925 582 1989 Davidem
599 1921 637 2009 (Ι.
648 1923 841 1990 SemXVII.
858 1925 910 1991 34.
925 1921 976 2009 ss.)
992 1923 1170 2007 subintelligi
1179 1925 1280 2007 possit.

199 2053 227 2094 v.
244 2034 296 2099 34.
311 2031 436 2115 ἔσβεσαν
452 2032 573 2120 δίναριν
589 2035 692 2116 πυρὸς,
716 2031 827 2119 ἔφυγον
842 2028 977 2118 στόματα
1000 2035 1163 2118 μαχαίρας,
1179 2029 1279 2098 ἐνεδο-

109 2144 299 2228 ναριίνθησαν
315 2135 374 2202 ἀπὸ
398 2137 567 2212 ἀσθενείας,
589 2137 779 2226 ἐγενηθησαν
800 2134 922 2225 ίσχοροί
947 2137 978 2203 ἐν
1002 2140 1138 2226 σολίριρ,
1161 2161 1279 2226 παρερ-

110 2249 209 2332 βολάς
224 2245 345 2310 ἔκλιναν
361 2242 541 2328 ἀλλοτρίων·
559 2280 601 2290 -
617 2243 734 2306 Verba:
750 2243 875 2328 ἔσβεσαν
891 2243 1119 2331 δίνναμινποράς
1131 2247 1280 2308 referenda

110 2353 233 2416 suntad
247 2360 306 2412 tres
321 2349 444 2413 Doridis
458 2347 567 2412 amieos
581 2350 612 2413 in
627 2351 772 2413 fornacem
794 2350 949 2413 oouieotos:
971 2348 1127 2428 Sadroob,
1148 2351 1280 2417 Messall

111 2469 142 2524 et
155 2459 321 2541 Abodnepo
343 2455 433 2542 (Dan.
455 2457 510 2518 III.
534 2459 584 2522 12.
606 2453 675 2542 ss);
704 2459 753 2523 afr.
775 2458 799 2518 1.
816 2457 907 2520 Maoa
930 2455 981 2542 (11.
997 2455 1080 2541 59‚):
1104 2455 1278 2537 „mmm
1327 2467 1333 2478 ·

110 2563 266 2650 Ἀζαρίας,
294 2560 421 2651 Μισαηλ
441 2565 648 2636 πιστείνσαντες
677 2560 841 2650 ἐσώθησαν
870 2562 906 2628 ἐκ
933 2564 1049 2650 φλογός
1057 2569 1079 2624 ⁸.
1102 2599 1146 2610 -
1168 2565 1278 2652 ἔροηον

109 2669 245 2757 arripare
268 2674 433 2757 μαχαίρας,
455 2667 567 2750 gladios
588 2668 708 2732 feliciter
728 2667 903 2750 effugerunt3
922 2668 1112 2750 respiciuntur
1134 2671 1280 2734 Davitica

108 2777 146 2864 (I.
163 2773 243 2841 Sem.
259 2773 383 2840 XVIII.
401 2777 465 2852 11.;
480 2773 571 2844 XIX.
590 2778 639 2842 10.
658 2777 726 2854 12.;
740 2775 832 2845 XXI.
848 2773 929 2860 10.);
945 2777 1044 2840 Elios
1059 2775 1278 2862 (LRegXIX.

111 2887 140 2951 1.
156 2884 227 2965 se.);
249 2881 404 2947 Είίαοεαε
419 2879 471 2967 (ΙΙ,
487 2882 561 2964 Reg.
582 2882 638 2948 VI
658 2883 708 2949 14.
732 2903 770 2945 ss.
792 2885 844 2950 31.
866 2879 926 2967 ss).
946 2917 991 2930 -
1006 2880 1278 2972 ἐντδοναρωθησαν

106 2990 168 3056 ἀπὸ
184 2988 361 3064 ἀσθενείας
376 2990 467 3050 verba
481 2989 556 3052 haee
570 2989 702 3052 nonnulli
718 2989 882 3071 explioaut:
897 2989 1008 3052 viribus
1029 2989 1107 3053 aneti
1128 3001 1204 3066 sunt,
1228 2991 1278 3074 qui

106 3095 269 3159 imbecilles
283 3097 407 3168 fuerant,
422 3103 456 3157 ut
470 3091 609 3160 Sonuere
631 3095 714 3177 (Jud.
730 3095 818 3158 XVI.
845 3097 894 3163 19.
918 3097 969 3162 29.
986 3095 1067 3178 30.);
1088 3096 1140 3159 alii
1161 3115 1244 3160 vero:
1259 3118 1279 3159 a

105 3202 216 3266 morbis
230 3200 409 3284 gravissimis
426 3201 642 3276 oonvalueruut,
668 3211 702 3263 ut
720 3201 829 3280 Jobas,
848 3201 987 3266 fftsleios
1005 3212 1058 3266 eta
1076 3201 1139 3289 (σίν.
1154 3205 1194 3266 Π.
1204 3204 1278 3285 Reg.

106 3309 184 3375 XX.
199 3308 259 3374 Jes.
275 3303 486 3392 XXXVHL).
502 3343 546 3355 -
562 3306 750 3397 ἐγενηθησαν
771 3305 945 3395 ἰσχυροί-ἐν
960 3313 1094 3397 πολέμῳ,
1117 3310 1187 3372 faeti
1209 3319 1279 3372 sunt

106 3419 194 3480 fortes
209 3415 240 3478 in
255 3415 348 3490 bello;
370 3415 426 3478 hoo
444 3414 569 3496 pertinet
592 3417 631 3477 ad
653 3415 760 3478 iudices
782 3424 813 3477 et
826 3436 923 3500 repes,
944 3418 983 3478 ad
997 3418 1103 3480 beroea
1124 3416 1277 3496 Donidius,

105 3523 145 3585 sd
160 3521 283 3588 Iudam
298 3519 528 3586 Moooobaeam
543 3529 572 3586 et
578 3521 705 3604 fratrea
721 3525 797 3586 eiua
813 3525 1066 3609 -παρεμβολάς
1080 3522 1201 3590 ἔκλιναν
1217 3523 1277 3589 ἀλ-

106 3632 244 3714 λοτρίων,
254 3627 375 3692 hostiles
383 3629 459 3690 acies
467 3626 497 3690 in
511 3629 610 3709 fugam
620 3627 808 3704 oonieoerunt,
817 3629 854 3690 de
863 3627 1006 3693 Gedeone
1016 3625 1052 3713 (J
1052 3629 1098 3691 ud.
1108 3627 1193 3714 VII.)
1202 3638 1233 3690 et
1240 3632 1277 3692 de

103 3735 286 3800 Jonatitono
296 3736 332 3816 (1.
342 3731 532 3818 SamXIV.)
540 3735 617 3798 diota
628 3755 689 3797 esse
704 3734 846 3800 videntur.
856 3772 893 3781 —
904 3737 1084 3824 παρεμβολή
1094 3744 1277 3798 nontentum

105 3841 226 3904 denotat
240 3849 345 3918 eastra,
360 3843 409 3903 sed
425 3841 515 3903 etiam
531 3842 697 3916 exercitum,
712 3842 812 3918 aciem,
827 3843 935 3905 hanooe
949 3843 1009 3904 rim
1024 3843 1054 3908 h.
1069 3842 1088 3903 l.
1104 3841 1224 3904 obtinet

192 3967 220 4013 v.
237 3947 289 4015 35.
305 3948 417 4032 ἔλαβον
433 3959 571 4031 χοναῐνίες
586 3947 618 4022 ἐξ
628 3947 822 4024 ἀναστάσεως
839 3951 910 4023 τοὺς
919 3951 1045 4034 νεκροὺς
1060 3945 1166 4015 αὑτῶν·
1182 3947 1275 4015 ἄλλοι

102 4055 136 4120 δὲ
152 4051 426 4142 ἐτυμπανίσθησαν,
443 4051 479 4121 ub
494 4057 727 4143 προςδεξάρενοι
742 4062 795 4145 rbi
811 4054 1031 4140 ἀπολίτρωσιν,
1044 4053 1094 4121 ἵνα
1103 4060 1274 4141 κρείττονος

102 4161 298 4235 ἀναστάσεως
313 4165 451 4249 τίνχωσιν·
465 4157 652 4246 -Ἔλαβον
662 4173 801 4247 γυναῖκες
817 4161 1052 4238 ἐξάναστάσεως
1061 4165 1132 4238 τοὺς
1147 4165 1274 4250 νεκροὺς

100 4264 207 4344 αὑτῶν,
222 4267 357 4331 mulieres
372 4267 459 4330 fidem
475 4269 617 4332 habentes
633 4279 764 4334 mortuos
780 4286 849 4333 suos
863 4269 894 4333 in
916 4270 1009 4332 vitam
1030 4279 1179 4337 revocatos
1193 4287 1273 4334 reos-

99 4383 214 4462 perunt
251 4374 378 4440 Videtur
405 4397 428 4438 s.
453 4376 566 4442 Paulus
587 4377 730 4462 respicere
752 4376 906 4442 historiam
927 4379 1042 4444 aidane
1066 4375 1273 4464 Sareptensi

1066 4495 1116 4552 1³·
