3096 4886
283 335 347 404 170
708 341 870 410 Pmphrasis
887 344 918 396 x.
940 342 1051 397 le-au.

281 539 361 584 mum
376 523 469 586 iacere
484 529 591 604 putant
606 523 643 598 id,
653 525 730 606 qnod
745 543 773 590 v.
789 525 841 592 26.
851 533 880 588 et
889 525 941 594 27.
957 542 1051 590 sermo
1060 527 1266 590 dedefectione
1280 548 1301 591 a
1314 529 1451 611 religione

281 627 457 696 instituatur.
474 665 517 678 —
527 629 585 694 Sed
601 630 668 696 huic
682 631 830 714 posteriori
840 631 1027 715 explicationi
1041 636 1161 698 obstant
1174 637 1268 698 verbu
1282 635 1450 700 immediate

280 735 449 818 sequentia:
472 741 581 812 καθὼς
596 738 673 812 ἔθος
696 743 777 812 τισίν,
800 738 819 804 i.
834 759 858 801 c.
875 739 917 802 uti
939 741 1072 804 nonnulli
1093 742 1187 806 facere
1209 742 1323 818 solent;
1346 744 1450 826 qurhus

278 841 375 906 verbis
390 843 493 926 agendi
509 843 585 908 ratio
599 843 771 920 declaratur,
787 865 862 928 quae
876 866 963 929 saepe
977 846 1131 930 repetitum
1145 857 1193 910 ast
1208 849 1334 912 defectio
1348 871 1370 912 a
1383 851 1450 913 reli-

278 947 364 1030 gione
378 949 433 1014 dici
449 951 549 1033 nequit
564 951 624 1014 fleri
639 972 659 1014 a
674 951 795 1034 singulis
811 971 863 1034 per
877 954 1121 1028 consuetudinem,
1136 954 1154 1016 i.
1169 975 1195 1022 e.
1211 955 1347 1037 saepius3
1371 957 1451 1020 unico

279 1057 358 1120 enim
374 1067 443 1122 notu
458 1059 628 1142 completur.
644 1093 687 1106 —
712 1059 870 1142 Propterea
889 1061 1078 1142 praeferenda
1098 1071 1143 1123 est
1164 1061 1326 1144 explicatio
1347 1058 1452 1128 Grue-

278 1185 398 1244 coram,
414 1165 459 1230 cui
475 1167 565 1230 etiem
582 1185 675 1230 sermo
690 1167 719 1230 in
735 1187 782 1232 rr.
799 1169 851 1234 26.
867 1175 897 1230 et
911 1169 963 1234 27.
986 1169 1021 1230 de
1036 1167 1193 1232 defectione
1215 1168 1393 1249 areligione
1407 1171 1451 1233 iu-

278 1275 398 1340 stitutus
414 1274 523 1356 optime
538 1275 638 1358 aptari
647 1283 758 1357 potest3
774 1293 843 1336 nam
854 1274 903 1356 qui
918 1273 1106 1338 conventibus
1115 1274 1318 1338 ecclesiasticis
1333 1297 1366 1338 se
1381 1280 1451 1340 sub-

284 1383 413 1456 trahunt,
429 1381 546 1464 privant
566 1381 735 1464 semetipsos
756 1381 951 1444 incitamentis
971 1383 1010 1444 ed
1031 1381 1169 1444 virtutem
1191 1382 1385 1463 nomimis,
1407 1405 1452 1448 se-

280 1497 420 1570 gnescnnt
435 1487 464 1550 in
479 1490 625 1552 doctrinae
640 1487 749 1554 Christi
763 1488 937 1572 professione
959 1497 989 1550 et
1003 1491 1043 1550 ab
1058 1508 1093 1550 ea
1108 1489 1227 1552 taudem
1242 1489 1394 1552 deficiunt.
1411 1528 1449 1537 -

279 1594 414 1660 Ceterum
436 1615 472 1660 ex
495 1596 551 1660 hac
572 1595 698 1678 apostoli
720 1594 918 1660 cohortatione
940 1595 1085 1671 discimus,
1116 1595 1214 1676 plures
1234 1615 1250 1657 e
1273 1595 1451 1660 Christianis

280 1701 555 1786 Hierosolymitanis
570 1723 600 1766 se
616 1701 805 1768 conventibus
820 1701 908 1764 sacrh
923 1701 1105 1774 subduxisse,
1127 1701 1236 1784 partim
1252 1712 1336 1764 metu
1351 1722 1451 1785 perse-

280 1809 436 1884 cutionum,
452 1809 560 1892 purtim
570 1826 647 1884 vero,
662 1808 731 1892 quia
746 1825 826 1872 sacro
841 1807 1020 1872 Judaeorum
1034 1807 1125 1872 cultui
1143 1809 1239 1870 adhuc
1253 1807 1452 1872 inhaerebant

280 1935 332 1980 neo
346 1914 506 1998 intelligere
521 1915 668 1990 volebant,
689 1934 741 1998 per
763 1934 871 1979 novam
895 1913 999 1978 salutis
1021 1912 1218 1978 oeconomiam
1239 1923 1327 1977 vetus
1349 1916 1452 1978 foedus

278 2031 500 2086 exauotoretum
514 2042 585 2086 esse.
604 2059 631 2068 -
659 2020 771 2090 ἑαυτῶν
788 2022 863 2104 idern
873 2023 1004 2104 estquod
1013 2021 1097 2112 ἡμῶν
1113 2017 1218 2086 adeda
1230 2057 1271 2067 —
1281 2021 1335 2084 Ad
1350 2045 1452 2108 παρα-

276 2131 441 2203 καλοῦντας
456 2128 608 2212 cogitando
629 2128 821 2192 adiiciendum
843 2137 901 2192 est:
924 2125 1050 2202 ἑαυτοὺς
1073 2148 1124 2190 seu
1145 2125 1317 2216 ἀλλήλους.
1335 2163 1380 2174 -
1396 2128 1452 2190 Per

278 2239 331 2324 τὴν
346 2233 462 2324 ἡμέραν
478 2234 682 2316 intelligendus
697 2245 742 2299 est
756 2235 817 2300 dies
832 2234 965 2317 perusiae
980 2256 1031 2298 seu
1046 2234 1162 2299 secundi
1171 2235 1317 2298 adventus
1326 2233 1452 2308 Christi3

279 2344 357 2406 huuc
371 2341 447 2406 diem
463 2341 587 2424 apostoli
603 2342 790 2424 ignorabaut3
806 2362 863 2407 nou
878 2341 955 2404 enim
970 2342 1162 2406 conveniebat
1176 2340 1212 2404 iis
1220 2340 1299 2404 diem
1314 2341 1453 2423 parusiee

278 2447 397 2524 christi,
413 2451 528 2532 quando
542 2457 682 2514 venturus
698 2451 745 2524 sit,
761 2449 832 2513 seim
847 2447 915 2534 (Mu.
931 2448 1019 2514 xm„
1036 2447 1111 2532 32).

686 2662 1036 2744 Paraphrasis.

668 2801 740 2890 (ἔαρ.
764 2804 806 2868 X.
836 2825 885 2867 vv.
918 2807 1056 2875 19-25.

369 2973 443 3036 Cum
452 2973 561 3056 itaque,
572 2973 674 3036 fratres
683 2970 854 3044 charissimi,
862 2987 944 3050 spem
953 2963 1142 3031 certissimam
1152 2967 1261 3028 habere
1270 2965 1356 3028 uobis
1367 2966 1454 3028 liceat

279 3081 454 3164 ingrediendi
470 3089 572 3143 sancta
586 3077 723 3142 coelestia
738 3096 789 3159 per
804 3076 973 3156 sanguinem
989 3074 1076 3148 Jesu;
1098 3092 1164 3135 cum
1179 3071 1269 3133 etiam
1284 3072 1454 3133 habeamus

279 3189 357 3252 viam
373 3207 491 3262 novam,
506 3205 595 3270 quam
612 3183 745 3248 Ohrisms
766 3183 829 3264 ipse
850 3181 961 3264 primus
984 3180 1116 3254 calcavit,
1139 3179 1219 3240 viam
1241 3177 1453 3251 vivificantem,

279 3315 368 3378 quam
384 3294 467 3356 nobis
482 3293 597 3376 aperuit
611 3309 663 3374 per
672 3281 793 3354 'carnem
808 3308 901 3362 suam,
917 3307 992 3370 quae
1007 3295 1052 3348 est
1061 3286 1144 3366 quasi
1159 3284 1264 3346 ianuae
1273 3283 1385 3363 velum,
1400 3303 1455 3365 per
1528 3285 1529 3326 i

278 3403 354 3484 quod
370 3401 586 3483 ingrediendum
603 3408 662 3474 est3
679 3415 801 3480 cumque
817 3396 979 3457 habeamus
994 3393 1173 3456 sacerdotem
1189 3389 1338 3464 eximium,
1364 3410 1454 3470 quem

279 3508 414 3590 praefecit
427 3509 508 3572 Deus
522 3507 576 3572 toti
592 3505 689 3570 domui
705 3523 775 3566 suae
791 3500 924 3566 coelesti:
941 3501 1082 3562 adeamus
1096 3499 1191 3560 Deum
1207 3495 1306 3576 animo
1329 3496 1450 3568 siucero,

277 3635 341 3680 cum
357 3617 446 3699 plenu
461 3625 491 3680 et
505 3611 671 3678 firmissima
686 3612 751 3684 fide,
766 3608 872 3671 animis
881 3605 996 3690 purgati
1012 3604 1258 3666 amalefactcrum
1274 3601 1454 3664 conscientia

277 3742 450 3810 corporeque
465 3723 519 3786 loti
534 3740 612 3802 aqua
627 3737 701 3802 pura
716 3725 746 3780 et
760 3735 860 3778 omnes
875 3715 972 3776 sordes
987 3711 1077 3776 animi
1092 3711 1267 3782 mundaum
1282 3717 1454 3784 constanter

278 3849 493 3917 perseveremus
507 3829 537 3890 iu
553 3825 728 3892 confessione
743 3823 813 3904 spei,
829 3823 883 3884 hoc
898 3840 955 3884 uuo
970 3818 1045 3892 freti,
1061 3818 1138 3902 quod
1155 3817 1234 3877 Deus
1248 3832 1342 3875 verax
1359 3825 1406 3876 est
1423 3825 1452 3876 et

280 3949 416 4004 constans
430 3939 460 4000 in
475 3933 626 4018 promissis
642 3931 717 4006 suis;
733 3940 761 3991 et
776 3948 829 3991 nos
844 3927 965 3990 invicem
976 3927 1170 3996 observemus,
1185 3931 1219 3984 ut
1233 3920 1310 3982 alter
1324 3920 1454 3982 alterum

278 4047 379 4111 incitet
395 4047 432 4108 ud
448 4042 558 4106 amoris
581 4049 611 4102 et
632 4035 765 4102 veritatis
786 4033 923 4106 studium,
948 4051 1005 4094 nou
1025 4032 1196 4101 deserentes,
1217 4027 1295 4108 quod
1318 4026 1454 4089 nonnulli

278 4157 370 4218 facere
385 4151 489 4224 solent,
504 4155 663 4212 conventus
678 4152 799 4216 nostros,
821 4141 873 4203 sed
888 4159 940 4202 uos
955 4136 1078 4200 invicem
1100 4137 1297 4205 admonentes,
1321 4141 1353 4194 et
1369 4142 1453 4195 tauto

277 4259 378 4342 magis,
393 4265 503 4342 quanto
518 4253 636 4337 propius
651 4250 784 4314 accedere
806 4242 1039 4308 animadvertitis
1061 4243 1210 4308 adventus,
1229 4237 1341 4301 Christi
1365 4238 1452 4301 diem.
