3096 4886
260 277 325 347 134
711 273 837 340 expenso
854 269 899 323 xr.
917 269 943 324 t.
962 267 990 324 8.

258 439 412 518 otacrum
427 455 519 528 aare,
534 454 673 517 divinas
687 457 849 518 admonere„
862 491 902 502 -
913 453 971 516 rer
984 457 1023 520 sa
1038 454 1163 540 μηοοω
1181 456 1353 537 plamae
1369 450 1432 516 nr.

259 559 431 642 intelligitur
446 560 598 635 diluvium,
613 582 671 643 qno
685 565 863 644 perdendum
879 571 943 623 erat
951 581 1042 642 genus
1056 562 1227 622 humanum.
1250 560 1322 622 Non
1331 567 1432 640 aperte
1528 637 1529 652 χ

259 669 401 731 dilnvium
418 679 448 730 et
463 667 612 731 interitum
627 669 738 749 generis
753 669 877 733 humani
893 668 1129 732 commemoravit
1143 689 1166 730 s
1181 677 1290 739 auctor,
1311 667 1363 726 sed
1378 667 1435 728 bac

259 775 509 838 circumlocutione
532 795 601 836 usus
623 785 669 838 est
696 775 850 857 respiciens
879 773 1100 856 descriptionem
1123 775 1190 836 fidei
1212 795 1241 835 v.
1268 775 1297 838 1.
1322 775 1433 834 datam
1528 839 1529 864 ,

260 881 347 945 Fides
362 880 477 944 Noacbi
495 881 593 961 ntique
608 881 638 943 in
654 901 688 944 eo
702 883 800 964 posita
813 891 886 956 erat,
909 883 985 962 qnod
1008 881 1063 962 ipsi
1086 881 1339 962 persuasissimum
1361 887 1433 950 erat,

260 988 478 1071 promissionem
494 999 524 1048 et
538 989 791 1051 comminationem
800 989 939 1061 divinam,
954 1009 1029 1069 quae
1039 987 1113 1054 Gen.
1128 987 1173 1073 (V
1173 990 1196 1048 Ι.
1209 983 1274 1070 lt.)
1284 985 1432 1066 descripta

260 1096 374 1176 legitur,
389 1105 525 1156 eventum
541 1113 603 1155 esse
618 1095 795 1157 habituram.
811 1130 855 1142 -
870 1092 1056 1183 εὐλαβηθείς
1072 1093 1125 1178 (ab
1136 1091 1331 1180 ὠλαβέομαι,
1347 1101 1432 1154 caute

256 1211 287 1264 et
310 1201 513 1282 circumspecte
535 1196 603 1282 agn)
630 1200 765 1281 Vulgata
786 1204 824 1264 ad
846 1220 962 1263 sensum
984 1211 1060 1264 recte
1080 1203 1181 1264 vertit:
1202 1210 1352 1273 metneus;
1367 1197 1433 1259 Noe

258 1308 336 1370 enim
351 1309 387 1368 de
402 1307 499 1368 futuro
514 1305 624 1368 diluvio
639 1305 778 1369 divinitus
793 1308 967 1382 admonitus,
982 1309 1074 1390 ipsius
1089 1309 1144 1370 Dei
1165 1307 1269 1370 timore
1291 1326 1327 1368 ac
1347 1323 1432 1366 reve-
1528 1313 1529 1340 ¹

259 1413 354 1475 rentia
369 1422 514 1494 correptus
530 1430 626 1475 arcam
643 1415 810 1476 constmxit
827 1450 870 1460 -
886 1411 925 1480 δι’
940 1415 979 1506 ής
993 1418 1173 1478 referendum
1188 1415 1227 1476 ad
1241 1419 1354 1488 uicem
1377 1413 1433 1473 boc

257 1539 358 1582 sensu:
376 1537 532 1600 perquam
547 1519 633 1580 iidem
649 1521 799 1594 mundum,
820 1521 839 1582 i.
856 1541 880 1586 e.
903 1521 1046 1602 reliquum
1070 1517 1160 1602 genus
1182 1522 1345 1583 humanum
1360 1539 1432 1580 con-

259 1626 419 1700 demnavit,
435 1627 490 1688 hoc
505 1635 557 1699 est,
573 1627 812 1689 condemnatione
827 1647 862 1689 ac
875 1627 995 1690 interitu
1009 1629 1128 1709 dignum
1137 1627 1271 1699 ostendit,
1286 1625 1332 1688 sui
1347 1625 1432 1686 vide-

257 1732 324 1794 licet
339 1732 566 1814 comparatione,
581 1735 660 1806 dnm,
675 1733 776 1795 ceteris
785 1734 901 1796 oraculo
915 1733 1014 1797 divino
1029 1735 1115 1796 iidem
1130 1733 1327 1796 abnuentibus
1342 1741 1432 1811 atque

256 1838 330 1900 illud
345 1837 605 1913 contemnentibus,
620 1838 683 1919 ipse
698 1839 778 1901 solus
792 1839 920 1905 credidit.
951 1841 1091 1902 Formula
1106 1841 1217 1904 scilicet
1236 1843 1429 1922 κατακρίνειν

256 1949 321 2010 τινά
336 1945 453 2025 ponitur
468 1947 504 2006 de
518 1965 561 2019 eo,
576 1945 627 2026 qui
642 1945 728 2019 iacto,
744 1945 878 2026 exemplo
894 1967 946 2009 suo
961 1947 1096 2022 ostendit,
1113 1948 1183 2030 quid
1198 1946 1250 2008 alii
1265 1949 1360 2009 lacere
1375 1947 1431 2008 de-

258 2050 390 2112 buissent
404 2059 457 2112 ant
471 2051 563 2112 faeere
578 2051 713 2125 debeant,
728 2061 817 2133 atque
832 2051 898 2113 inde
914 2071 962 2116 eos
984 2073 1041 2115 non
1062 2053 1139 2115 idem
1162 2053 1302 2116 facientes
1324 2053 1432 2134 culpae

256 2155 408 2229 convincit,
419 2176 512 2236 poena
521 2157 622 2233 dipnos
631 2157 765 2220 ostendit.
776 2195 819 2204 -
828 2159 952 2222 Verbis:
967 2165 1021 2225 καὶ
1039 2174 1093 2250 τῆς
1107 2165 1187 2226 κατὰ
1202 2167 1296 2230 πίστιν
1312 2162 1432 2225 δικαιο-
1528 2165 1529 2200 ³

257 2266 349 2348 οὸνης
366 2261 481 2345 ἐγένετο
498 2266 692 2351 κληρονόμος
713 2265 862 2345 apostolus
884 2265 976 2328 dicere
998 2267 1120 2340 videtur,
1135 2267 1340 2330 Patriarcham
1356 2268 1432 2341 Noe,

255 2369 327 2430 dnm
342 2387 380 2430 ex
391 2369 456 2440 lide,
472 2371 602 2450 qnaDeo
617 2369 745 2446 credidit,
754 2369 871 2451 aptavit
878 2389 985 2446 arcam,
1000 2383 1185 2436 consecutum
1200 2393 1262 2435 esse
1276 2373 1432 2447 iustitiam,

258 2495 334 2556 qnae
350 2485 394 2537 est
409 2493 461 2556 per
475 2476 570 2550 iidem,
585 2485 674 2557 atque
690 2497 728 2539 ex
742 2478 798 2539 fide
813 2477 1001 2541 iustificatum
1015 2480 1110 2542 fuisse.
1140 2481 1251 2542 Forsan
1266 2479 1377 2542 alludit
1391 2481 1431 2541 ad
1528 2483 1529 2528 t

255 2582 318 2655 hoe,
337 2583 414 2662 quod
429 2581 495 2644 Not
509 2581 620 2662 primus
641 2581 671 2643 in
686 2583 725 2645 A.
740 2583 775 2645 F.
791 2602 892 2682 pag,
908 2586 1032 2659 δίκαιος,
1047 2585 1220 2648 nominatur.

347 2725 374 2766 v.
392 2707 420 2772 8,
437 2703 539 2771 Πίστει
556 2705 601 2786 [ὁ]
617 2709 808 2793 καλοὸμενος
817 2702 964 2796 Ἀβραὰμ
979 2705 1147 2798 ὑπήκουσεν
1164 2711 1299 2784 ἐξελθεῖν
1316 2709 1360 2785 εἰς
1375 2717 1427 2777 τὸν

254 2817 355 2887 τόπον,
371 2811 404 2876 ὃν
420 2813 538 2900 ἤμελλε
553 2813 717 2900 λαμβάνειν
734 2811 775 2888 εἰς
790 2815 1007 2902 κληρονομίαν,
1022 2821 1075 2882 καὶ
1090 2815 1213 2906 ἐξῆλθε,
1238 2823 1280 2906 μὴ
1304 2817 1429 2882 ἐπιστά-

256 2940 354 3004 μενος,
369 2927 428 2982 ποῦ
443 2917 575 3003 ἔρχεται.
593 2955 635 2965 -
652 2919 814 3002 Apostolus
828 2919 858 2980 in
875 2920 931 2982 tide
941 2921 1083 2984 Abrahae
1092 2923 1321 2985 commendanda
1336 2942 1431 3004 prop-

253 3033 333 3084 terea
347 3021 475 3103 amplius
495 3023 674 3099 immoratur,
689 3027 766 3106 quod
781 3025 871 3088 totins
886 3026 997 3106 generis
1012 3029 1212 3091 Hebraeorum
1233 3039 1278 3091 est
1292 3029 1431 3091 Patriar-

252 3129 317 3204 cha,
335 3127 380 3189 cni
395 3137 426 3190 et
440 3129 642 3210 promissiones
657 3133 752 3193 factae
761 3133 877 3193 fuerant
887 3127 1041 3224 (Eetion).
1058 3171 1091 3182 -
1105 3135 1205 3198 Lectio
1219 3135 1250 3197 in
1266 3137 1322 3200 hoc
1336 3155 1427 3198 versu

252 3233 371 3296 varians
387 3244 446 3309 est3
464 3235 595 3298 nonnulli
611 3237 712 3317 legunt
726 3227 916 3324 καλοίνμενος
932 3240 1043 3322 absque
1058 3241 1196 3316 articulo;
1211 3241 1263 3303 alii
1277 3259 1348 3304 vero
1362 3261 1429 3304 rec-

252 3339 311 3401 tius
328 3337 427 3423 (iuxta
442 3345 483 3405 A.
499 3344 546 3406 D.
570 3343 672 3426 Volp,
686 3343 736 3420 It,
752 3347 856 3418 Arm,
880 3345 1069 3420 Clbcodoret,
1084 3347 1192 3432 Hier.)
1208 3369 1274 3410 curn
1289 3349 1429 3410 articulo:

253 3444 269 3509 ὁ
286 3447 485 3532 καλοὶνμενος.
515 3449 692 3529 Interpretes
707 3448 826 3530 quidam
841 3459 957 3529 putant,
973 3453 1139 3533 apostolum
1161 3455 1257 3516 verbis
1272 3451 1289 3518 ὁ
1306 3457 1428 3519 καλοῦ·

253 3575 341 3637 μενος
357 3551 517 3634 respexisse
532 3553 864 3630 mutationemnominis
873 3555 989 3618 Abram
1005 3555 1103 3644 (pater
1117 3557 1261 3644 excelsus)
1276 3560 1306 3622 in
1321 3561 1428 3622 Abra-

250 3660 321 3720 bam
337 3657 435 3742 (pater
445 3680 568 3739 magnae
577 3659 795 3744 multitudinis),
811 3665 915 3743 dequa
925 3663 999 3727 Gen.
1009 3644 1116 3732 XVlI.
1131 3666 1160 3732 5.
1176 3677 1310 3728 narratur
1315 3687 1324 3742 ;
1340 3687 1427 3728 earn-

249 3785 305 3846 que
332 3775 486 3846 propterea
509 3786 757 3841 commemorasse,
776 3769 853 3849 quod
875 3771 982 3832 faceret
996 3774 1033 3833 ad
1056 3773 1333 3836 commendationem
1358 3774 1428 3835 fidei

248 3855 424 3946 Abrah'ami,
439 3873 489 3953 qni
504 3874 560 3935 hoc
575 3893 679 3935 nomen
694 3875 859 3950 obtinuerit.
891 3875 1003 3938 Verum
1018 3878 1069 3940 alii
1091 3880 1195 3942 rectius
1217 3889 1325 3954 tenent,
1347 3899 1426 3960 apo-

250 3971 358 4040 stolum
375 3977 526 4060 participio
542 3977 558 4044 ὁ
574 3985 765 4068 καλοὺμενος
787 3981 919 4044 divinam
933 3983 1075 4045 Abrahae
1096 3986 1277 4048 vocationem
1300 4006 1353 4048 sen
1366 3987 1424 4048 nd-

247 4083 445 4158 monitionem,
477 4094 512 4146 ut
542 4088 623 4148 sedes
655 4108 723 4150 suas
754 4089 936 4170 relinqueret,
968 4091 1127 4172 exprimere
1157 4092 1299 4167 voluisse3
1331 4112 1424 4174 quam

247 4189 470 4272 explicationem
496 4191 682 4272 posteriorem
706 4193 800 4256 omnis
825 4203 978 4258 contextus
1008 4198 1147 4278 postulat.
1187 4199 1318 4272 Accedit,
1342 4201 1421 4280 qnod

247 4294 413 4360 Abrahami
438 4316 542 4362 nomen
566 4305 714 4366 mutatum
738 4309 791 4373 est,
822 4319 888 4364 cnm
910 4301 971 4365 iam
1001 4303 1110 4367 dudum
1134 4325 1150 4364 e
1172 4301 1325 4368 Chaldaea
1350 4307 1419 4371 exi-
