3094 4892
619 310 744 372 Exporltio
762 311 783 362 1.
804 311 826 360 l.

438 505 585 588 Expositis
608 506 752 589 epistolas
775 507 813 574 ad
837 507 998 576 Hebraeos.

649 685 747 768 Caput
769 687 793 748 1.

592 824 846 944 llrerlin,

130 992 286 1054 sublimem
309 991 458 1055 continens
487 992 778 1074 circumscriptionem
801 991 918 1054 divinae
942 991 1129 1055 revelationis
1150 992 1303 1054 inchoatae

131 1099 159 1160 in
175 1099 216 1164 V.
231 1100 277 1172 T,
293 1101 454 1182 completae
469 1109 568 1161 autem
585 1101 614 1161 in
630 1097 755 1173 Christo,
772 1099 827 1162 Dei
843 1099 919 1162 Filio
935 1098 1120 1182 omniumque
1135 1117 1230 1162 rerum
1248 1101 1302 1161 do-

131 1206 220 1282 mino,
243 1206 344 1269 mundi
367 1206 511 1270 conditore
533 1217 564 1269 et
584 1209 784 1290 gubernatore,
806 1207 957 1270 homiuum
978 1208 1137 1270 redemtore
1156 1227 1191 1270 ac
1212 1206 1302 1270 divini

487 1315 599 1397 imperii
614 1315 755 1398 participe
770 1313 808 1399 (Ι.
827 1315 880 1378 1-
891 1311 945 1399 3.).

218 1441 279 1506 Vv.
298 1442 391 1507 1-3.
407 1440 519 1504 Auctor
535 1441 581 1504 his
603 1441 633 1504 in
648 1441 779 1504 versibus
800 1439 899 1502 omnia
918 1439 1143 1521 comprehendit,
1167 1459 1242 1522 quae
1265 1440 1300 1501 de

129 1547 246 1608 sublimi
263 1545 372 1610 Christi
387 1548 529 1629 dignitate
544 1548 662 1630 eiusque
672 1547 878 1630 praecellentia
893 1565 962 1629 prae
971 1547 1083 1628 angelis
1099 1546 1218 1609 lectores
1233 1566 1300 1609 suos
1390 1575 1394 1592 ·

130 1672 244 1716 monere
259 1653 333 1728 vult,
349 1653 493 1738 simulque
507 1675 535 1718 v.
555 1659 581 1724 1,
598 1656 699 1718 statim
721 1657 830 1718 indicat
852 1657 939 1717 finem
955 1653 1207 1718 demonstrationis
1221 1673 1301 1717 suae.

127 1762 184 1825 Hie
199 1771 298 1825 autem
314 1761 379 1825 finis
394 1774 446 1837 est,
463 1773 495 1826 ut
510 1765 689 1838 ostendatur,
705 1763 912 1825 revelationem
927 1761 981 1824 Dei
997 1779 1048 1842 per
1064 1759 1213 1822 Christum
1234 1761 1298 1822 lac-

127 1879 189 1932 tam
204 1887 304 1932 revera
318 1879 466 1952 praestare
481 1871 719 1934 antecedentibus
726 1869 782 1933 Dei
797 1868 1024 1932 revelationibus
1039 1869 1077 1930 ad
1092 1875 1190 1948 patres
1205 1865 1298 1941 factis,

126 1977 232 2060 quibus
255 1973 303 2063 (nt
318 1997 355 2040 ex
370 1977 409 2042 ΙΙ.
425 1978 455 2044 2.
471 1975 622 2063 discimus)
637 1977 732 2060 angeli
755 1988 897 2059 tanquam
913 1994 1022 2057 organa
1044 1984 1074 2036 et
1096 1971 1220 2037 ministri
1235 1973 1298 2036 sul-

125 2081 269 2148 hciebant.
300 2081 461 2158 Conclusio
477 2106 566 2167 quam
582 2096 682 2149 auctor
697 2085 829 2158 intendit,
845 2105 882 2146 ex
897 2085 983 2146 modo
1006 2083 1090 2146 dictis
1104 2081 1189 2145 facile
1204 2081 1297 2143 dedu-

122 2190 211 2254 citur:
227 2189 260 2254 Si
274 2191 309 2264 is,
325 2190 375 2274 qui
390 2191 533 2255 mediator
542 2193 753 2257 revelationum
763 2193 802 2255 N.
812 2191 847 2255 T.
857 2189 979 2264 exstitit,
995 2190 1296 2271 dignitatcsuaprae-

122 2297 204 2360 cellit
219 2297 347 2379 angelos,
362 2298 536 2362 mediatores
550 2299 590 2362 V.
600 2301 634 2362 T.
645 2300 865 2373 revelationum,
875 2298 1066 2360 revelationes
1076 2317 1190 2378 quoque
1202 2295 1295 2378 ipsae,

121 2424 245 2488 quarum
262 2405 404 2470 mediator
419 2405 552 2470 Christus
567 2406 630 2480 fuit,
647 2407 706 2468 illis
721 2407 762 2474 V,
777 2407 822 2480 T,
838 2406 944 2488 quibus
966 2403 1176 2488 patefaciendis
1197 2401 1294 2484 angeli

120 2513 313 2585 sufficiebant,
328 2525 476 2596 praestare
492 2515 606 2580 debent.
637 2515 723 2596 Hanc
746 2513 956 2594 praestantiam
976 2520 1076 2575 auctor
1090 2531 1118 2578 v.
1137 2512 1164 2574 1.
1187 2509 1295 2572 indicat

119 2617 152 2702 a)
169 2618 306 2682 dicendo:
322 2621 418 2682 Deum
435 2620 538 2683 ultimo
554 2639 605 2701 per
621 2619 729 2682 Filium
745 2620 874 2683 loentum
890 2641 960 2694 esse,
977 2628 1007 2680 et
1021 2616 1055 2700 b)
1071 2615 1292 2680 hancultimam

119 2725 175 2788 Dei
192 2725 366 2790 locutionem
382 2737 450 2790 utut
464 2727 669 2809 perfectionem
693 2737 723 2788 et
745 2727 903 2808 pleniorem
924 2726 1096 2809 opponendo
1118 2724 1293 2808 praeceden-

119 2834 199 2895 tibus
221 2833 277 2896 Dei
302 2834 495 2898 locutionibus
517 2837 556 2897 ad
579 2845 677 2916 patres
699 2837 880 2922 πολυμερῶς
903 2839 956 2900 καὶ
978 2836 1177 2920 πολυτρόπως
1200 2833 1293 2907 factis,

117 2958 242 3021 quarum
258 2959 325 3022 ergo
340 2941 424 3004 nulla
438 2942 557 3024 plenam
573 2953 602 3004 et
618 2944 774 3024 perlectam
789 2941 845 3004 Dei
860 2941 1068 3005 revelationem
1083 2939 1226 3004 exhibuit

207 3085 234 3126 v.
254 3067 281 3130 1.
297 3063 486 3153 Πολυμερῶς
508 3072 560 3132 καὶ
583 3071 782 3154 πολυτρόπως
806 3071 903 3134 πάλαι
925 3064 941 3131 ὁ
967 3063 1044 3140 Θεὸς
1066 3068 1208 3153 λαλήσας
1229 3075 1291 3140 τοῖς

118 3178 263 3256 πατράσιν
279 3171 310 3237 ἐν
326 3183 389 3247 τοῖς
404 3181 583 3262 προφήταις,
599 3170 646 3238 ἐπ’
657 3173 791 3261 ἐσχάτου
807 3187 864 3242 τῶν
879 3174 998 3263 ἡμερῶν
1009 3159 1122 3240 τουτωνΙ
1138 3172 1290 3259 ἐλάλησεν

117 3281 188 3372 ἡμῖν
204 3277 234 3344 ἐν
250 3275 312 3365 υἱῷ,
334 3314 371 3326 -
390 3280 459 3342 Vox
476 3283 656 3367 πολυμερῶς
672 3291 787 3364 spectat
801 3283 839 3344 ad
855 3281 963 3344 multas
978 3281 1035 3343 sihi
1051 3280 1174 3344 invicem
1189 3300 1288 3343 suece-

116 3389 218 3449 dentes
234 3385 434 3462 revelationes,
450 3406 574 3470 quarum
590 3389 739 3469 quaelibet
762 3388 857 3452 solum
879 3399 1016 3472 exparte
1039 3386 1160 3476 (μέρος)
1183 3405 1290 3452 armna

115 3493 171 3556 Dei
187 3494 336 3557 revelavit.
368 3495 436 3556 Non
459 3495 536 3557 enirn
561 3495 660 3558 omnia
683 3494 766 3580 (dicit
790 3494 921 3580 Retices)
946 3517 998 3559 nec
1020 3498 1131 3571 eadem,
1153 3495 1289 3559 omnibus

116 3601 273 3682 Prophetis
288 3599 419 3663 revelata
434 3612 510 3677 sunt,
527 3603 577 3664 sed
593 3603 676 3683 quasi
686 3603 819 3684 partibus
828 3603 1033 3686 mysteriomm
1042 3603 1214 3678 distributis,
1229 3603 1290 3665 alia

116 3707 344 3789 aliisinspirata.
377 3709 513 3791 Exempli
523 3730 626 3772 musa:
642 3709 768 3785 Jesaiae,
778 3720 880 3792 partus
889 3711 1009 3793 virginis
1018 3721 1048 3773 et
1057 3710 1155 3792 passio
1164 3708 1288 3786 Christi;

119 3813 244 3889 Danieli,
261 3824 378 3896 tempus
393 3817 537 3879 adventus
552 3818 627 3893 eius;
651 3816 755 3892 Jonae,
777 3817 906 3880 eiusdem
926 3819 1091 3901 sepultura3
1113 3816 1288 3890 Malachiae,

115 3923 261 3984 adventus
276 3922 478 4002 praecursoris.
508 3923 556 3985 Ac
578 3941 691 3986 mrsum
713 3923 780 3988 aliis
802 3925 895 4007 plura,
917 3925 984 3988 aliis
1006 3923 1150 4006 pauciora.
1181 3919 1287 3988 Πολυ-

115 4035 234 4114 τρόπυς
249 4027 360 4090 indicat
377 4027 505 4093 diversos
514 4031 662 4094 revelandi
677 4034 789 4108 modos,
798 4033 880 4095 velut
889 4051 941 4114 per
950 4032 1070 4105 somnia,
1087 4049 1138 4114 per
1147 4040 1287 4108 exstases,

119 4154 170 4218 per
186 4135 363 4218 aenigmata,
380 4155 431 4218 per
446 4137 562 4220 figuras,
579 4158 629 4220 per
644 4139 842 4217 allocutiones,
858 4158 910 4221 per
925 4137 1122 4220 apparitiones
1137 4137 1288 4204 sensibiles

116 4253 205 4324 atque
219 4261 370 4324 corporeas
381 4243 532 4329 (Estiua),
542 4265 664 4327 quorum
679 4256 778 4309 autem
789 4245 887 4308 nullus
904 4264 1064 4308 necomnes
1078 4243 1165 4307 simul
1175 4247 1285 4330 sumpti

109 4351 267 4432 perfectam
280 4351 336 4415 Dei
350 4349 381 4414 in
390 4350 505 4416 Christo
519 4353 727 4418 revelationem
742 4363 919 4437 exaequant.
930 4389 974 4404 -
984 4355 1091 4422 λάλειν
1106 4353 1137 4420 in
1148 4355 1282 4420 hacona-
