3064 4894
575 344 699 407 Expositio
719 343 763 390 IX.
785 341 824 389 15.
1226 334 1288 400 149

121 523 179 586 Sed
195 528 381 606 praeferenda
404 533 450 584 est
472 541 570 585 eorum
594 521 746 592 sententia,
772 519 820 599 qui
837 521 973 605 διαθήκη
990 536 1016 578 v.
1035 516 1085 582 15.
1107 517 1143 576 de
1152 515 1287 596 foedere,

120 653 147 693 v.
167 633 215 698 16.
232 641 262 693 et
280 633 330 697 17.
345 640 444 692 autem
454 632 490 690 de
507 636 687 692 tentamento
697 625 853 706 eprIcant.
884 624 983 685 Versu
995 623 1043 690 15.
1059 631 1134 684 certe
1149 621 1286 706 διαθήκη

121 758 178 799 nou
189 746 286 818 potest
293 737 418 798 iudicare
427 743 635 797 testamentum
643 732 794 812 ;,respexit
808 731 886 792 euim
894 728 1034 811 epistolae
1043 736 1143 790 auctor
1151 727 1238 790 VIII.
1249 727 1287 798 6,

120 843 170 905 uhi
186 841 334 905 Christum
350 843 481 905 nominat
495 841 664 926 κρείττονος
681 841 835 925 διαθήκης
851 842 980 923 μεσίτην,
995 835 1137 898 meldone
1145 833 1287 915 foedaris

121 950 316 1016 mediatorem,
349 951 463 1011 Foedus
479 947 632 1028 antiquum
646 945 763 1017 ibidem,
779 965 807 1010 v.
823 947 862 1018 1.,
878 945 986 1006 dictum
1008 941 1106 1029 οιοίή
1128 944 1241 1025 πρώτη,
1258 947 1288 1000 et

119 1057 219 1118 oenus
234 1076 254 1117 a
268 1055 386 1118 Christo
403 1055 555 1126 sancitum,
570 1073 597 1113 v.
615 1054 653 1126 8.,
668 1053 688 1141 ή
704 1058 793 1140 καινή
810 1054 955 1138 διαθήκη.
985 1051 1088 1130 Neque
1107 1045 1286 1129 perspicitur,

122 1163 264 1242 quomodo
274 1160 407 1223 Christus
429 1160 483 1223 dici
499 1159 625 1240 potuerit
639 1159 781 1221 mediator
788 1156 971 1231 testamenti3
988 1156 1129 1218 mediator
1142 1155 1220 1214 enim
1228 1171 1285 1214 uon

120 1271 210 1330 habet
225 1277 323 1349 partes
338 1287 407 1330 suas
422 1267 549 1346 agendas
564 1265 595 1326 in
604 1273 789 1338 testamento,
804 1265 921 1327 omuino
930 1274 1028 1326 autom
1044 1263 1073 1323 in
1082 1261 1202 1324 foedere.
1227 1257 1286 1320 Sed

120 1377 175 1437 hoc
190 1375 286 1456 ipsum
301 1374 475 1436 vocabulum
486 1375 630 1461 διαθήκη,
640 1392 668 1437 v,
684 1373 731 1438 15.
746 1372 919 1444 adhibitum,
935 1371 1010 1451 quud
1021 1369 1123 1431 statim
1138 1364 1285 1446 excipiunt
1300 1435 1303 1439 .

118 1484 210 1544 verba
224 1484 536 1573 θανάιοογενομὲνοο
553 1489 582 1540 et
596 1482 787 1565 κληρονομία
804 1475 877 1562 (qua
886 1497 955 1540 voce
964 1474 1109 1537 hereditas
1117 1467 1284 1554 indicatur),

117 1589 250 1668 apostolo
265 1588 442 1650 oceasIonem
465 1586 608 1668 praebuit,
632 1583 781 1646 Christum
803 1605 832 1646 v.
852 1585 901 1651 16.
923 1592 954 1644 et
972 1584 1020 1648 11.
1045 1600 1111 1643 cum
1125 1579 1284 1643 conditore

118 1697 292 1759 testamenti
301 1694 497 1774 comparandi
507 1695 635 1772 adeoque
644 1692 689 1752 illi
705 1692 847 1753 vocabulo
856 1692 936 1752 hunc
945 1688 1091 1750 nothonem
1107 1682 1283 1748 subiiciendi.

117 1802 204 1863 Hauc
219 1821 256 1862 ex
273 1800 400 1881 dialogia
414 1800 491 1862 vocis
507 1797 729 1879 argumentandi
744 1796 885 1860 rationem
903 1803 1003 1856 auctor
1018 1794 1107 1854 etiam
1128 1809 1212 1870 capp.
1228 1788 1282 1871 Ιῌ.

121 1918 152 1968 et
193 1907 244 1968 tv.
270 1917 385 1970 secutus
415 1889 474 1979 est,
505 1905 556 1966 ubi
586 1903 762 1966 vocabulum
787 1909 976 1974 κατάπαυσις
1008 1898 1115 1978 duplici
1146 1915 1232 1958 seusu
1255 1893 1285 1954 in

121 2015 222 2075 eadem
245 2014 378 2095 pericopa
403 2011 552 2085 adhibuit;
577 2011 716 2091 reperitur
739 2029 852 2090 quoque
874 2009 903 2070 in
928 2007 989 2069 eius
1004 2003 1128 2088 epistola
1142 2003 1181 2064 ad
1195 2001 1282 2062 Rom.

118 2122 224 2200 Itaque
239 2120 336 2200 negari
352 2119 460 2200 nequit,
476 2137 581 2180 nomen
597 2120 733 2203 διαθήκη
749 2137 776 2178 r.
795 2117 844 2182 15.
869 2115 1051 2198 defoedare,
1073 2132 1101 2172 v.
1120 2112 1169 2176 16.
1185 2117 1216 2169 et
1233 2108 1282 2172 17.

115 2228 151 2286 de
168 2237 347 2289 testamento
372 2224 510 2306 explicari
530 2245 628 2304 pocae,
649 2223 693 2283 ita
714 2241 782 2284 vero
804 2222 893 2284 etiam
913 2219 1118 2301 explicandum
1139 2236 1212 2289 esee,
1232 2212 1281 2272 vel

114 2334 215 2394 docere
232 2342 353 2412 possunt
367 2333 457 2393 verba
472 2351 500 2391 v.
519 2332 568 2396 17.
585 2329 772 2414 enitescere,
795 2331 830 2390 de
850 2327 957 2408 quihus
978 2326 1052 2388 infra
1074 2320 1185 2386 dicendi
1201 2320 1280 2382 locus

114 2438 175 2500 erit
185 2437 209 2521 ¹)

203 2565 230 2609 v,
250 2546 297 2611 15.
314 2543 378 2609 Καὶ
394 2546 444 2608 διὰ
460 2553 547 2608 τοῦτο
564 2544 717 2629 διαθήκης
732 2554 839 2630 καινή(
855 2545 977 2628 μεσίτης
1000 2539 1086 2611 ἐστίν,
1109 2535 1200 2606 ὅπως,
1216 2536 1279 2597 θα-

112 2658 203 2716 νὰιοο
218 2657 378 2736 γενομένου
399 2647 441 2722 είς
457 2647 665 2732 ἀπολίτρωσιν
687 2660 743 2713 τῶν
766 2647 813 2712 ἐπί
834 2659 871 2732 σή
894 2647 1157 2731 πρὼιηδιαθήκή
1179 2661 1278 2722 παροι-

114 2761 239 2839 βάσεων,
256 2763 309 2845 τήν
327 2755 505 2836 ἐπαγγελίαν
521 2757 654 2837 λάβωσιν
671 2751 698 2818 οἱ
714 2758 896 2842 κεκλημένοι
919 2766 973 2840 τῆς
994 2749 1113 2815 αίοινίοο
1128 2749 1278 2833 κληρονρ·

114 2870 191 2948 μίας.
209 2862 375 2927 -ιθετίιίε
391 2864 440 2926 διὰ
463 2872 550 2926 τοῦτο
573 2860 689 2940 respicit
711 2870 811 2924 auctor
832 2859 1004 2922 seutentiam
1026 2878 1074 2918 vr.
1090 2855 1209 2924 9-14.
1225 2870 1279 2915 ex-

112 2986 256 3048 pressam:
273 2969 423 3031 Christum
438 2967 601 3048 pontificem
618 2966 796 3048 praestitisse
811 2987 854 3042 ea,
877 2986 952 3047 quae
974 2983 1026 3047 per
1041 2965 1181 3026 sacrificia
1195 2982 1214 3022 a
1229 2981 1279 3022 sa-

114 3076 276 3137 cerdotibus
290 3075 410 3138 iudaicis
425 3076 487 3138 Deo
502 3074 604 3135 oblata
627 3073 767 3154 praestari
790 3083 819 3134 et
840 3073 913 3134 effici
934 3092 992 3134 non
1013 3071 1168 3152 potuerint,
1190 3071 1279 3130 sacri·

114 3181 266 3262 finiumque
291 3181 399 3243 Christi
423 3179 517 3242 multo
542 3181 736 3260 praestantius
760 3200 823 3241 esse
854 3179 999 3241 sacrificiis
1023 3179 1210 3240 Judaeomm.
1237 3211 1276 3222 -

114 3289 234 3349 Verba:
249 3291 385 3356 θανάτου
401 3294 561 3374 γενομένου
577 3288 614 3347 ad
630 3285 738 3347 Christi
754 3296 875 3348 mortem
891 3287 1038 3347 referenda
1060 3293 1135 3358 suut,
1157 3285 1188 3346 in
1203 3285 1280 3345 huno

114 3413 244 3456 sensum:
260 3394 298 3455 Et
315 3394 379 3456 ideo
393 3393 461 3456 novi
470 3393 591 3456 foederis
600 3392 741 3454 mediatur
756 3402 808 3466 est,
824 3401 858 3454 ut
866 3411 931 3454 cum
945 3392 1028 3474 prius
1037 3392 1066 3453 in
1074 3391 1279 3454 redemtionem

112 3518 212 3561 earum
228 3500 516 3579 praevaricationum,
533 3519 608 3579 quae
623 3511 705 3560 erant
720 3501 775 3560 sub
797 3499 883 3579 priori
899 3501 1019 3571 foedere,
1041 3509 1171 3560 mortuus
1186 3498 1279 3570 fuerit,

110 3607 360 3688 repromissionem
370 3607 513 3686 accipiant
529 3617 581 3667 etc.
606 3606 664 3667 Hic
679 3605 733 3666 loci
744 3606 924 3668 solummodo
933 3625 1027 3668 sermo
1043 3615 1088 3666 est
1102 3607 1138 3666 de
1153 3604 1279 3685 peccatis

111 3734 130 3774 a
144 3712 267 3774 Judaeis
281 3723 410 3793 tempore
424 3713 527 3792 prioris
543 3712 662 3774 foederis
677 3732 768 3792 usque
789 3713 827 3773 ad
843 3712 992 3774 Christum
1014 3711 1181 3784 commissis,
1204 3730 1279 3792 quae

111 3817 189 3901 (coll.
204 3838 231 3884 v.
251 3817 313 3901 13.)
330 3819 475 3880 sacrificiis
490 3819 602 3900 expiari
618 3839 674 3883 non
690 3827 854 3899 potuerant.
886 3818 944 3880 Sed
959 3819 1005 3879 his
1014 3817 1111 3879 verbis
1129 3817 1278 3898 apostolus

111 3945 168 3985 non
184 3935 279 4005 negat,
295 3927 372 4005 quod
387 3925 466 4005 prius
482 3924 533 4009 (11.
545 3923 587 4009 9.)
598 3926 719 3999 dixerat,
735 3927 869 4006 quodque
883 3945 920 3986 ex
929 3923 1064 4004 analogia
1080 3933 1143 3984 tum
1161 3922 1278 3997 biblica,

110 4040 174 4090 tum
190 4031 256 4091 fidei
271 4039 393 4104 constat,
409 4029 556 4092 Christum
572 4051 676 4112 nempe
686 4031 815 4092 omnium
829 4030 980 4092 homiuum
995 4039 1114 4110 peccata
1129 4028 1277 4111 expiasse;

110 4155 179 4197 narn
201 4136 373 4198 memoravit
395 4137 424 4196 h.
441 4135 459 4196 1.
483 4146 598 4198 tantum
620 4147 739 4218 peccata
759 4136 914 4200 aJudaeis
935 4145 1063 4224 tempore
1085 4135 1123 4200 V.
1147 4135 1181 4198 Τ.
1197 4154 1278 4197 com-

202 4363 221 4433 ¹)
240 4364 289 4414 cfr.
307 4363 462 4416 moenam
481 4367 499 4418 l.
518 4381 548 4425 o..
567 4365 604 4422 St.
623 4362 683 4417 M
705 4368 722 4430 f,
