3094 4892
242 359 265 426 4
674 355 713 405 De
731 363 830 406 auctore
847 356 974 422 epistolas.

245 534 414 613 ,Salutatio
438 553 527 598 manu
549 553 615 598 mea
638 532 732 607 Pauli,
754 535 830 615 quod
852 543 897 596 est
917 534 1029 616 signum
1052 532 1082 596 in
1104 533 1183 596 omui
1205 533 1344 617 epistola3
1368 533 1411 596 ita

243 642 351 704 scribo:
367 639 472 704 Gratia
486 639 603 704 Domini
619 640 708 702 nostri
724 640 797 702 Jesu
813 637 921 702 Christi
937 660 1002 704 cum
1017 640 1152 704 omnibus
1166 641 1258 704 vobis.
1280 641 1378 704 Amen
1387 647 1409 702 ¹⁶.

243 749 355 812 Auctor
369 755 467 810 autem
483 746 588 828 epilogi
603 765 634 808 sc
649 756 794 808 auctorem
811 746 900 810 totius
915 767 1028 830 quoque
1043 747 1137 828 operis
1152 748 1257 820 innuit,
1272 747 1297 810 si
1313 747 1409 809 verbis

242 855 342 942 (XHI.
360 851 439 937 22,):
457 853 562 934 ,Rogo
577 871 629 915 vos
644 853 754 926 hatrm
771 864 804 914 ut
818 853 961 916 sufferatis
976 855 1098 916 verbum
1113 853 1212 916 solatii
1233 852 1409 942 (παρακλή-

242 959 341 1042 σεως),
356 959 463 1024 etenim
477 958 630 1040 perpaucis
651 957 751 1022 scribsi
773 959 876 1022 vobis‘
898 969 991 1022 totam
1007 961 1224 1042 praecedentem
1247 960 1409 1042 paraclesin

246 1067 369 1150 respicit
385 1067 482 1129 Prurm
496 1082 563 1146 erge
577 1063 728 1138 conclusio,
735 1063 861 1128 Paulum
875 1065 965 1128 totius
979 1066 1120 1148 epistolae
1134 1087 1196 1129 esse
1210 1076 1364 1130 auctorem.

330 1189 383 1274 Π.)
398 1189 530 1258 Tandem
546 1188 649 1251 habita
662 1188 773 1251 ratione
780 1189 911 1271 formae
933 1190 1028 1272 operis
1049 1190 1197 1274 quaelibet
1218 1191 1280 1254 eius
1301 1191 1409 1274 pagina

243 1310 327 1364 muta
346 1295 453 1378 ingenii
475 1297 608 1358 ubertate
629 1297 770 1369 abundat,
792 1304 854 1358 tam
883 1295 988 1360 crebris
1016 1296 1220 1379 allegoriarum
1249 1298 1409 1362 luminibus

242 1405 437 1486 distinguitur,
452 1411 515 1464 tarn
530 1401 728 1484 frequentibus
745 1387 870 1466 locurum
885 1406 925 1468 V.
940 1404 975 1464 Τ.
991 1403 1216 1486 allegationibus
1230 1415 1260 1468 et
1274 1405 1398 1488 applice-

242 1511 369 1577 tionibus
384 1508 556 1590 cstrepleta,
572 1517 605 1570 ut
614 1507 661 1572 his
669 1509 870 1586 omnibusvix
879 1508 1053 1574 Gamalielis
1061 1511 1235 1593 discipulum
1244 1521 1274 1574 et
1283 1511 1407 1576 aliarum

244 1623 285 1688 13
300 1618 330 1681 in
345 1633 453 1680 canone
462 1615 650 1696 epistolamm
659 1625 806 1680 auctorem
821 1617 1009 1681 disserentem
1019 1638 1075 1680 non
1091 1635 1244 1700 agnoscere
1253 1619 1406 1700 possimus.

241 1728 340 1790 Pauca
354 1723 498 1806 quaedam
514 1723 650 1804 exempla
665 1723 799 1786 laudasse
814 1724 953 1788 sufficiat:
969 1726 999 1788 in
1015 1727 1037 1787 Ι.
1054 1724 1118 1788 (lor.
1135 1725 1202 1810 (ΙΙΙ.
1222 1728 1248 1792 1.
1265 1725 1308 1809 2.)
1331 1747 1406 1808 apo-

241 1833 334 1898 stolus
349 1829 494 1912 religionis
508 1829 652 1892 elementa
670 1849 735 1894 cum
752 1831 827 1894 lacte
842 1842 872 1893 et
893 1832 1038 1894 doctrinas
1059 1832 1241 1896 sublimiores
1262 1852 1328 1894 eum
1343 1834 1408 1896 cibo

243 1938 376 2004 solidiore
391 1939 550 2016 comparat,
565 1945 653 2017 atque
669 1957 725 2010 eos,
749 1937 798 2018 qui
813 1939 969 2019 ampliores
983 1939 1012 2000 in
1028 1938 1164 2019 religione
1180 1955 1347 2020 progressos
1361 1942 1408 2002 ie-

241 2054 348 2118 cerant,
363 2041 528 2124 spirituales
543 2051 642 2116 vocat;
658 2053 759 2107 contra
773 2063 830 2118 eos,
845 2045 896 2125 qui
917 2047 954 2106 ad
977 2045 1200 2127 intelligentiam
1221 2045 1407 2110 accuratioris

240 2163 271 2216 et
284 2149 443 2216 subtilioris
458 2166 551 2212 rerum
567 2148 730 2210 divinarum
746 2149 881 2212 scientiae
903 2154 1030 2214 nendum
1052 2152 1219 2235 praeparati
1240 2163 1318 2228 sunt,
1340 2173 1407 2218 car-

240 2260 322 2324 nales
336 2278 371 2322 ae
385 2255 540 2337 parvules;
561 2256 618 2318 hae
633 2265 732 2318 autem
748 2256 887 2337 imagines
902 2259 1078 2322 adhibentur
1093 2279 1207 2341 quoque
1227 2259 1258 2322 in
1281 2260 1406 2342 epistola

239 2369 278 2432 ad
292 2367 443 2430 Hebraeos
457 2359 511 2447 (V.
530 2360 692 2448 12-14.).
723 2363 855 2426 Verbum
871 2365 934 2438 Dei,
957 2367 995 2428 ad
1018 2367 1098 2430 cuius
1120 2365 1182 2428 vim
1203 2375 1233 2428 et
1248 2367 1406 2432 efficaciam

239 2471 457 2556 significandam
473 2469 584 2532 Paulus
606 2469 634 2532 in
656 2470 739 2551 epist.
761 2472 799 2532 ad
815 2472 957 2552 Ephesios
972 2470 1040 2558 (VI.
1059 2475 1122 2555 17.)
1145 2473 1301 2554 imaginem
1316 2475 1405 2555 gladii

239 2580 368 2652 adhibet,
383 2587 483 2640 auctor
506 2576 645 2657 epistolae
668 2586 782 2640 nostrae
799 2575 869 2662 (lv.
887 2577 950 2663 12.)
972 2579 1115 2660 allegoria
1127 2599 1146 2640 a
1160 2581 1258 2660 gladio
1272 2582 1407 2644 desumto

238 2693 441 2769 repraesentat
488 2683 633 2764 Exempla
654 2701 721 2746 vero
744 2685 987 2767 interpretationis
1010 2687 1125 2768 typicae
1148 2705 1242 2750 rerum
1265 2706 1406 2770 persona-

237 2811 359 2874 mmque
379 2795 419 2855 V.
435 2791 469 2854 T.
491 2810 511 2852 a
531 2789 625 2852 Paulo
647 2810 733 2871 saepe
755 2810 873 2854 numero
897 2791 953 2877 (uti
975 2795 1061 2856 Rom.
1084 2797 1123 2858 V.
1150 2796 1198 2860 14.
1215 2793 1333 2869 Adami
1355 2796 1404 2876 qui

237 2905 329 2974 abac<
344 2898 407 2966 ἐστὶ
422 2906 474 2964 τοῦ
491 2900 659 2983 μέλλοντος
676 2894 823 2984 (Christi),
839 2901 862 2962 l.
873 2897 937 2962 Cer.
948 2899 989 2962 X.
1003 2901 1096 2968 1-5.
1108 2900 1201 2974 nubis,
1217 2922 1292 2982 quae
1308 2904 1403 2966 Israe-

238 3007 306 3069 litas
321 3007 351 3068 in
366 3007 478 3066 deserto
492 3003 626 3084 praeibat
640 3013 670 3066 et
685 3005 787 3066 horum
804 3023 855 3085 per
869 3023 949 3068 mare
964 3009 1083 3070 rubrum
1105 3007 1252 3081 transitus
1268 3027 1400 3082 mannae,

236 3123 267 3176 et
280 3131 374 3195 aquae
389 3111 520 3191 aMoyse
535 3130 551 3171 e
567 3118 649 3191 petra
658 3129 805 3184 excussae,
820 3130 895 3192 quac
910 3113 1009 3192 (abaci
1024 3112 1108 3202 ἡμῶν
1125 3113 1327 3202 ἐγενήθησαν)
1341 3114 1403 3196 typi

236 3219 296 3284 sint
310 3216 458 3299 baptismi,
480 3217 537 3280 cibi
559 3217 738 3280 eucharistici
760 3217 910 3299 omnisque
934 3221 1044 3299 gratiae
1067 3219 1217 3282 aOhristo
1240 3220 1403 3305 concessae)

238 3333 394 3406 usurpatae
409 3324 439 3386 in
454 3323 578 3403 epistola
599 3333 696 3386 nostra
719 3324 951 3407 quamplurima
972 3327 1139 3390 obveniunt
1170 3329 1219 3388 Ita
1233 3327 1270 3411 (1.
1286 3325 1330 3410 5.)
1345 3327 1404 3392 Se-

235 3432 333 3494 lomon
349 3439 378 3492 et
393 3428 445 3516 (V.
462 3430 491 3494 6.
501 3431 572 3494 Vll.
585 3433 602 3496 1
652 3428 714 3515 13.)
731 3432 942 3495 Melchisedech
960 3432 1023 3513 typi
1039 3431 1147 3494 Christi
1162 3433 1303 3496 dicuntur.
1334 3436 1403 3515 Ipsa

235 3547 334 3602 autem
349 3536 379 3598 in
401 3545 464 3600 toto
485 3554 570 3618 opere
591 3537 750 3619 disputatio
773 3549 802 3600 et
826 3539 960 3602 tractatio
983 3539 1107 3602 multum
1131 3541 1222 3602 babet
1244 3542 1402 3621 profundae

235 3643 403 3708 emditionis
424 3653 455 3706 et
476 3643 633 3708 rhetoricae
657 3645 838 3720 subtilitatis,
860 3645 965 3726 quibus
988 3663 1057 3725 prae
1080 3646 1214 3710 omnibus
1237 3647 1402 3728 primaevae

234 3750 370 3816 ecelesiae
385 3750 549 3812 doctoribus
564 3752 713 3832 praeditus
728 3761 792 3813 erat
806 3752 925 3814 Paulus.
970 3753 1034 3813 Imo
1049 3772 1139 3833 quam
1155 3753 1185 3814 in
1200 3754 1255 3816 hoc
1269 3754 1402 3834 apostolo

235 3856 370 3939 precipue
386 3857 563 3920 admiramur
578 3859 782 3920 dexteritatem
797 3859 980 3920 accomodate
995 3860 1034 3920 ad
1049 3859 1196 3940 ingenium
1219 3860 1402 3941 indolemque

233 3965 371 4028 lectorum
387 3963 542 4028 disserendi
552 3963 613 4048 (cfr.
624 3985 668 4044 ep.
678 3966 716 4025 ad
726 3965 821 4036 Rom,
836 3966 874 4026 ad
891 3963 967 4026 Phil.
984 3965 1110 4047 etalias)
1120 3975 1150 4028 et
1166 3967 1399 4028 hanceridenter

232 4071 374 4134 cernimus
389 4070 419 4132 in
434 4070 558 4151 epistola
573 4072 610 4132 ad
627 4069 785 4130 Hebraeos.
794 4068 817 4152 1)

325 4281 344 4350 ι)
363 4282 413 4331 ce.
432 4280 490 4330 aa
511 4278 675 4330 emmau:
700 4277 752 4328 nu
779 4280 976 4332 recesseramus
1001 4280 1025 4338 u.
1046 4287 1094 4352 up.
1112 4285 1206 4336 neurus
1231 4299 1264 4337 an
1281 4268 1326 4338 *urs
1351 4288 1402 4338 ns

232 4372 304 4424 bucer
324 4369 426 4420 kritiseh
445 4369 536 4418 wieder
554 4369 698 4435 hergestellt
716 4370 907 4430 underlrtutert3
925 4369 1113 4440 ieipui31878,
1132 4373 1168 4424 St.
1179 4369 1213 4423 35
1224 4375 1251 4426 ff.
1286 4373 1402 4426 Otium
