<?xml version="1.0" encoding="UTF-8"?>
<!DOCTYPE html PUBLIC "-//W3C//DTD XHTML 1.0 Transitional//EN"
    "http://www.w3.org/TR/xhtml1/DTD/xhtml1-transitional.dtd">
<html xmlns="http://www.w3.org/1999/xhtml" xml:lang="en" lang="en">
 <head>
  <title>
</title>
<meta http-equiv="Content-Type" content="text/html;charset=utf-8" />
  <meta name='ocr-system' content='tesseract 3.04.00' />
  <meta name='ocr-capabilities' content='ocr_page ocr_carea ocr_par ocr_line ocrx_word'/>
</head>
<body>
  <div class='ocr_page' id='page_1' title='image "./commentariusine00pngoog_0114.png"; bbox 0 0 3064 4894; ppageno 0'>
   <div class='ocr_carea' id='block_1_1' title="bbox 376 340 1275 413">
    <p class='ocr_par' dir='ltr' id='par_1_1' title="bbox 376 340 1275 413">
     <span class='ocr_line' id='line_1_1' title="bbox 376 340 1275 413; baseline -0.004 -15"><span class='ocrx_word' id='word_1_1' title='bbox 376 349 495 413; x_wconf 83' lang='lat' dir='ltr'>Paraplrr.</span> <span class='ocrx_word' id='word_1_2' title='bbox 514 349 547 398; x_wconf 87' lang='lat' dir='ltr'>V.</span> <span class='ocrx_word' id='word_1_3' title='bbox 569 347 684 401; x_wconf 81' lang='lat' dir='ltr'>11-vr,</span> <span class='ocrx_word' id='word_1_4' title='bbox 703 343 746 404; x_wconf 78' lang='lat'>3.;</span> <span class='ocrx_word' id='word_1_5' title='bbox 771 360 854 409; x_wconf 80' lang='lat' dir='ltr'><strong>expos.</strong></span> <span class='ocrx_word' id='word_1_6' title='bbox 872 344 919 394; x_wconf 87' lang='lat' dir='ltr'>VI.</span> <span class='ocrx_word' id='word_1_7' title='bbox 938 340 1017 392; x_wconf 79' lang='lat'><strong>4-6.</strong></span> <span class='ocrx_word' id='word_1_8' title='bbox 1215 341 1275 406; x_wconf 82' lang='lat'>101</span> 
     </span>
    </p>
   </div>
   <div class='ocr_carea' id='block_1_2' title="bbox 108 518 1278 719">
    <p class='ocr_par' dir='ltr' id='par_1_2' title="bbox 108 518 1278 719">
     <span class='ocr_line' id='line_1_2' title="bbox 108 518 1277 595; baseline -0.015 1"><span class='ocrx_word' id='word_1_9' title='bbox 108 543 288 595; x_wconf 90' lang='lat' dir='ltr'>mortuomm</span> <span class='ocrx_word' id='word_1_10' title='bbox 305 527 510 592; x_wconf 85' lang='lat' dir='ltr'>resurrectione</span> <span class='ocrx_word' id='word_1_11' title='bbox 532 535 562 589; x_wconf 92' lang='lat' dir='ltr'>et</span> <span class='ocrx_word' id='word_1_12' title='bbox 584 527 619 587; x_wconf 91' lang='lat' dir='ltr'>de</span> <span class='ocrx_word' id='word_1_13' title='bbox 642 523 745 587; x_wconf 90' lang='lat' dir='ltr'>iudicio</span> <span class='ocrx_word' id='word_1_14' title='bbox 766 531 895 585; x_wconf 85' lang='lat' dir='ltr'>extremo</span> <span class='ocrx_word' id='word_1_15' title='bbox 917 521 947 583; x_wconf 92' lang='lat' dir='ltr'>in</span> <span class='ocrx_word' id='word_1_16' title='bbox 969 530 1119 584; x_wconf 89' lang='lat' dir='ltr'>aeternum</span> <span class='ocrx_word' id='word_1_17' title='bbox 1143 518 1277 581; x_wconf 87' lang='lat' dir='ltr'>valituro.</span> 
     </span>
     <span class='ocr_line' id='line_1_3' title="bbox 108 625 1278 719; baseline -0.014 -17"><span class='ocrx_word' id='word_1_18' title='bbox 108 643 150 702; x_wconf 83' lang='lat' dir='ltr'>Et</span> <span class='ocrx_word' id='word_1_19' title='bbox 164 642 219 702; x_wconf 89' lang='lat' dir='ltr'>hoo</span> <span class='ocrx_word' id='word_1_20' title='bbox 233 637 349 719; x_wconf 91' lang='lat' dir='ltr'>quidem</span> <span class='ocrx_word' id='word_1_21' title='bbox 365 635 478 706; x_wconf 83' lang='lat' dir='ltr'>faciam,</span> <span class='ocrx_word' id='word_1_22' title='bbox 494 634 532 696; x_wconf 89' lang='lat' dir='ltr'>ad</span> <span class='ocrx_word' id='word_1_23' title='bbox 548 631 747 714; x_wconf 79' lang='lat' dir='ltr'>perfectiorem</span> <span class='ocrx_word' id='word_1_24' title='bbox 761 628 972 691; x_wconf 88' lang='lat' dir='ltr'>institutionem</span> <span class='ocrx_word' id='word_1_25' title='bbox 982 626 1089 691; x_wconf 88' lang='lat' dir='ltr'>scilicet</span> <span class='ocrx_word' id='word_1_26' title='bbox 1104 625 1278 708; x_wconf 84' lang='lat' dir='ltr'>progrediar,</span> 
     </span>
    </p>
   </div>
   <div class='ocr_carea' id='block_1_3' title="bbox 107 739 510 809">
    <p class='ocr_par' dir='ltr' id='par_1_3' title="bbox 107 739 510 809">
     <span class='ocr_line' id='line_1_4' title="bbox 107 739 510 809; baseline -0.02 0"><span class='ocrx_word' id='word_1_27' title='bbox 107 749 132 809; x_wconf 91' lang='lat' dir='ltr'>si</span> <span class='ocrx_word' id='word_1_28' title='bbox 148 747 228 808; x_wconf 90' lang='lat' dir='ltr'>Deus</span> <span class='ocrx_word' id='word_1_29' title='bbox 243 743 387 807; x_wconf 85' lang='lat' dir='ltr'>auxilium</span> <span class='ocrx_word' id='word_1_30' title='bbox 403 739 510 803; x_wconf 89' lang='lat' dir='ltr'>tulerit.</span> 
     </span>
    </p>
   </div>
   <div class='ocr_carea' id='block_1_4' title="bbox 611 887 777 944">
    <p class='ocr_par' dir='ltr' id='par_1_4' title="bbox 611 887 777 944">
     <span class='ocr_line' id='line_1_5' title="bbox 611 887 777 944; baseline -0.018 0"><span class='ocrx_word' id='word_1_31' title='bbox 611 887 722 944; x_wconf 76' lang='lat' dir='ltr'>sectio</span> <span class='ocrx_word' id='word_1_32' title='bbox 746 889 777 942; x_wconf 80' lang='grc'>3.</span> 
     </span>
    </p>
   </div>
   <div class='ocr_carea' id='block_1_5' title="bbox 106 998 1277 1300">
    <p class='ocr_par' dir='ltr' id='par_1_5' title="bbox 106 998 1277 1300">
     <span class='ocr_line' id='line_1_6' title="bbox 106 998 1277 1094; baseline -0.012 -20"><span class='ocrx_word' id='word_1_33' title='bbox 106 1012 184 1086; x_wconf 93' lang='lat' dir='ltr'>Illi,</span> <span class='ocrx_word' id='word_1_34' title='bbox 200 1003 954 1094; x_wconf 85' lang='lat' dir='ltr'>quibeneficiisreligionischristianae</span> <span class='ocrx_word' id='word_1_35' title='bbox 976 998 1277 1082; x_wconf 82' lang='lat' dir='ltr'>cognitisafide</span> 
     </span>
     <span class='ocr_line' id='line_1_7' title="bbox 106 1104 1277 1196; baseline -0.012 -14"><span class='ocrx_word' id='word_1_36' title='bbox 106 1120 343 1189; x_wconf 74' lang='lat' dir='ltr'>defecerunt,</span> <span class='ocrx_word' id='word_1_37' title='bbox 366 1123 507 1196; x_wconf 87' lang='lat' dir='ltr'>suapte</span> <span class='ocrx_word' id='word_1_38' title='bbox 530 1113 601 1174; x_wconf 90' lang='lat' dir='ltr'>iam</span> <span class='ocrx_word' id='word_1_39' title='bbox 626 1121 764 1174; x_wconf 89' lang='lat' dir='ltr'>natura</span> <span class='ocrx_word' id='word_1_40' title='bbox 790 1112 834 1172; x_wconf 88' lang='lat' dir='ltr'>ad</span> <span class='ocrx_word' id='word_1_41' title='bbox 849 1107 1106 1190; x_wconf 88' lang='lat' dir='ltr'>recipiendam</span> <span class='ocrx_word' id='word_1_42' title='bbox 1129 1104 1277 1168; x_wconf 89' lang='lat' dir='ltr'>salutis</span> 
     </span>
     <span class='ocr_line' id='line_1_8' title="bbox 441 1217 949 1300; baseline 0 -18"><span class='ocrx_word' id='word_1_43' title='bbox 441 1219 606 1300; x_wconf 76' lang='lat' dir='ltr'>gratiam</span> <span class='ocrx_word' id='word_1_44' title='bbox 628 1217 829 1280; x_wconf 89' lang='lat' dir='ltr'>inhabiles</span> <span class='ocrx_word' id='word_1_45' title='bbox 850 1224 949 1282; x_wconf 91' lang='lat' dir='ltr'>sunt.</span> 
     </span>
    </p>
   </div>
   <div class='ocr_carea' id='block_1_6' title="bbox 562 1341 819 1423">
    <p class='ocr_par' dir='ltr' id='par_1_6' title="bbox 562 1341 819 1423">
     <span class='ocr_line' id='line_1_9' title="bbox 562 1341 819 1423; baseline 0.008 -20"><span class='ocrx_word' id='word_1_46' title='bbox 562 1341 634 1423; x_wconf 81' lang='lat' dir='ltr'>(lap.</span> <span class='ocrx_word' id='word_1_47' title='bbox 650 1344 706 1406; x_wconf 90' lang='lat' dir='ltr'>VI.</span> <span class='ocrx_word' id='word_1_48' title='bbox 721 1341 819 1407; x_wconf 84' lang='grc'>4-8,</span> 
     </span>
    </p>
   </div>
   <div class='ocr_carea' id='block_1_7' title="bbox 101 1464 1276 4434">
    <p class='ocr_par' dir='ltr' id='par_1_7' title="bbox 105 1464 1275 1667">
     <span class='ocr_line' id='line_1_10' title="bbox 197 1464 1275 1552; baseline -0.006 -21"><span class='ocrx_word' id='word_1_49' title='bbox 197 1493 223 1532; x_wconf 84' lang='lat' dir='ltr'>v.</span> <span class='ocrx_word' id='word_1_50' title='bbox 240 1473 270 1536; x_wconf 89' lang='grc'>4.</span> <span class='ocrx_word' id='word_1_51' title='bbox 286 1467 453 1536; x_wconf 67' lang='lat' dir='ltr'>’Arouaia</span> <span class='ocrx_word' id='word_1_52' title='bbox 468 1471 537 1552; x_wconf 74' lang='grc' dir='ltr'><strong>γὰρ,</strong></span> <span class='ocrx_word' id='word_1_53' title='bbox 553 1469 623 1540; x_wconf 85' lang='grc' dir='ltr'><strong>τοὺς</strong></span> <span class='ocrx_word' id='word_1_54' title='bbox 639 1464 718 1539; x_wconf 75' lang='grc' dir='ltr'>ἅπαξ</span> <span class='ocrx_word' id='word_1_55' title='bbox 734 1468 943 1552; x_wconf 75' lang='grc' dir='ltr'>φωτισθέντας</span> <span class='ocrx_word' id='word_1_56' title='bbox 957 1469 1158 1549; x_wconf 75' lang='grc' dir='ltr'>γευσαμένους</span> <span class='ocrx_word' id='word_1_57' title='bbox 1173 1485 1205 1527; x_wconf 81' lang='grc' dir='ltr'>τε</span> <span class='ocrx_word' id='word_1_58' title='bbox 1220 1473 1275 1549; x_wconf 77' lang='grc' dir='ltr'>τῆς</span> 
     </span>
     <span class='ocr_line' id='line_1_11' title="bbox 105 1564 1275 1667; baseline -0.011 -23"><span class='ocrx_word' id='word_1_59' title='bbox 105 1581 222 1664; x_wconf 83' lang='grc' dir='ltr'>δωρεᾶς</span> <span class='ocrx_word' id='word_1_60' title='bbox 244 1591 298 1667; x_wconf 74' lang='grc' dir='ltr'>τῆς</span> <span class='ocrx_word' id='word_1_61' title='bbox 327 1575 512 1662; x_wconf 79' lang='grc' dir='ltr'>ἐπουρανίου,</span> <span class='ocrx_word' id='word_1_62' title='bbox 533 1577 586 1638; x_wconf 81' lang='grc' dir='ltr'>καὶ</span> <span class='ocrx_word' id='word_1_63' title='bbox 608 1578 758 1660; x_wconf 75' lang='grc' dir='ltr'><strong>μετόχους</strong></span> <span class='ocrx_word' id='word_1_64' title='bbox 779 1575 963 1658; x_wconf 76' lang='grc' dir='ltr'>γενηθέντας</span> <span class='ocrx_word' id='word_1_65' title='bbox 991 1573 1158 1656; x_wconf 78' lang='grc' dir='ltr'>πνευματος</span> <span class='ocrx_word' id='word_1_66' title='bbox 1180 1564 1275 1651; x_wconf 81' lang='grc' dir='ltr'><strong>ἁγίου,</strong></span> 
     </span>
    </p>

    <p class='ocr_par' dir='ltr' id='par_1_8' title="bbox 104 1676 1275 1866">
     <span class='ocr_line' id='line_1_12' title="bbox 195 1676 1275 1768; baseline -0.005 -23"><span class='ocrx_word' id='word_1_67' title='bbox 195 1704 223 1746; x_wconf 91' lang='grc' dir='ltr'>ν.</span> <span class='ocrx_word' id='word_1_68' title='bbox 240 1685 270 1750; x_wconf 83' lang='grc'>5.</span> <span class='ocrx_word' id='word_1_69' title='bbox 287 1687 339 1750; x_wconf 78' lang='grc' dir='ltr'>καὶ</span> <span class='ocrx_word' id='word_1_70' title='bbox 354 1684 450 1748; x_wconf 78' lang='grc' dir='ltr'>καλὸν</span> <span class='ocrx_word' id='word_1_71' title='bbox 475 1682 676 1767; x_wconf 78' lang='grc' dir='ltr'>γευσαμένους</span> <span class='ocrx_word' id='word_1_72' title='bbox 692 1678 769 1745; x_wconf 81' lang='grc' dir='ltr'><strong>Θεοῦ</strong></span> <span class='ocrx_word' id='word_1_73' title='bbox 792 1676 875 1768; x_wconf 73' lang='grc' dir='ltr'>ῥῆμα</span> <span class='ocrx_word' id='word_1_74' title='bbox 897 1679 1037 1765; x_wconf 71' lang='grc' dir='ltr'>δυνάμεις</span> <span class='ocrx_word' id='word_1_75' title='bbox 1059 1702 1091 1743; x_wconf 82' lang='grc' dir='ltr'>τε</span> <span class='ocrx_word' id='word_1_76' title='bbox 1107 1677 1275 1764; x_wconf 66' lang='grc' dir='ltr'><strong>μέλλοντος</strong></span> 
     </span>
     <span class='ocr_line' id='line_1_13' title="bbox 104 1790 221 1866; baseline -0.009 -8"><span class='ocrx_word' id='word_1_77' title='bbox 104 1790 221 1866; x_wconf 81' lang='grc' dir='ltr'>αἰῶνος,</span> 
     </span>
    </p>

    <p class='ocr_par' dir='ltr' id='par_1_9' title="bbox 102 1889 1275 3472">
     <span class='ocr_line' id='line_1_14' title="bbox 194 1889 1274 1982; baseline -0.002 -25"><span class='ocrx_word' id='word_1_78' title='bbox 194 1917 222 1958; x_wconf 87' lang='grc' dir='ltr'>ν.</span> <span class='ocrx_word' id='word_1_79' title='bbox 238 1899 266 1964; x_wconf 90' lang='grc'>6.</span> <span class='ocrx_word' id='word_1_80' title='bbox 283 1901 335 1962; x_wconf 79' lang='grc' dir='ltr'>καὶ</span> <span class='ocrx_word' id='word_1_81' title='bbox 349 1901 586 1982; x_wconf 82' lang='grc' dir='ltr'>παραπεσόντας,</span> <span class='ocrx_word' id='word_1_82' title='bbox 609 1895 700 1958; x_wconf 85' lang='grc' dir='ltr'>πάλιν</span> <span class='ocrx_word' id='word_1_83' title='bbox 723 1892 918 1966; x_wconf 70' lang='grc' dir='ltr'>ἀνακαινίζειν</span> <span class='ocrx_word' id='word_1_84' title='bbox 941 1889 985 1966; x_wconf 81' lang='grc' dir='ltr'>εἰς</span> <span class='ocrx_word' id='word_1_85' title='bbox 1008 1895 1175 1977; x_wconf 80' lang='grc' dir='ltr'>μετάνοιαν,</span> <span class='ocrx_word' id='word_1_86' title='bbox 1199 1889 1274 1955; x_wconf 80' lang='grc' dir='ltr'>ἀνα-</span> 
     </span>
     <span class='ocr_line' id='line_1_15' title="bbox 105 1995 1275 2089; baseline -0.012 -18"><span class='ocrx_word' id='word_1_87' title='bbox 105 2015 308 2089; x_wconf 79' lang='grc' dir='ltr'>σταυροῦντας</span> <span class='ocrx_word' id='word_1_88' title='bbox 323 2001 442 2076; x_wconf 75' lang='grc' dir='ltr'><strong>ἑαυτοῖς</strong></span> <span class='ocrx_word' id='word_1_89' title='bbox 458 2007 507 2068; x_wconf 87' lang='grc' dir='ltr'>τὸν</span> <span class='ocrx_word' id='word_1_90' title='bbox 523 1997 585 2066; x_wconf 80' lang='grc' dir='ltr'>υἱὸν</span> <span class='ocrx_word' id='word_1_91' title='bbox 601 2011 653 2066; x_wconf 77' lang='grc' dir='ltr'>τοῦ</span> <span class='ocrx_word' id='word_1_92' title='bbox 669 1997 747 2065; x_wconf 80' lang='grc' dir='ltr'><strong>Θεοῦ</strong></span> <span class='ocrx_word' id='word_1_93' title='bbox 762 2004 815 2065; x_wconf 78' lang='grc' dir='ltr'>καὶ</span> <span class='ocrx_word' id='word_1_94' title='bbox 824 2000 1155 2086; x_wconf 75' lang='grc' dir='ltr'>παραδειγματίζοντας.</span> <span class='ocrx_word' id='word_1_95' title='bbox 1167 2031 1208 2040; x_wconf 84' lang='grc'>-</span> <span class='ocrx_word' id='word_1_96' title='bbox 1218 1995 1275 2058; x_wconf 88' lang='lat' dir='ltr'>His</span> 
     </span>
     <span class='ocr_line' id='line_1_16' title="bbox 105 2103 1275 2192; baseline -0.009 -19"><span class='ocrx_word' id='word_1_97' title='bbox 105 2112 137 2173; x_wconf 93' lang='lat' dir='ltr'>in</span> <span class='ocrx_word' id='word_1_98' title='bbox 153 2111 285 2172; x_wconf 87' lang='lat' dir='ltr'>versibus</span> <span class='ocrx_word' id='word_1_99' title='bbox 300 2119 400 2172; x_wconf 81' lang='lat' dir='ltr'><strong>auctor</strong></span> <span class='ocrx_word' id='word_1_100' title='bbox 413 2108 554 2171; x_wconf 89' lang='lat' dir='ltr'>rationem</span> <span class='ocrx_word' id='word_1_101' title='bbox 570 2107 665 2170; x_wconf 81' lang='lat' dir='ltr'>reddit</span> <span class='ocrx_word' id='word_1_102' title='bbox 680 2105 772 2192; x_wconf 77' lang='grc' dir='ltr'>(γὰρ),</span> <span class='ocrx_word' id='word_1_103' title='bbox 787 2107 825 2169; x_wconf 93' lang='lat' dir='ltr'>ob</span> <span class='ocrx_word' id='word_1_104' title='bbox 841 2127 928 2188; x_wconf 87' lang='lat' dir='ltr'>quam</span> <span class='ocrx_word' id='word_1_105' title='bbox 945 2107 1039 2188; x_wconf 91' lang='lat' dir='ltr'>prima</span> <span class='ocrx_word' id='word_1_106' title='bbox 1054 2105 1199 2188; x_wconf 83' lang='lat' dir='ltr'>religionis</span> <span class='ocrx_word' id='word_1_107' title='bbox 1214 2103 1275 2166; x_wconf 90' lang='lat' dir='ltr'>ele-</span> 
     </span>
     <span class='ocr_line' id='line_1_17' title="bbox 105 2213 1275 2298; baseline -0.003 -18"><span class='ocrx_word' id='word_1_108' title='bbox 105 2227 206 2280; x_wconf 91' lang='lat' dir='ltr'>menta</span> <span class='ocrx_word' id='word_1_109' title='bbox 221 2225 349 2298; x_wconf 89' lang='lat' dir='ltr'>repetere</span> <span class='ocrx_word' id='word_1_110' title='bbox 364 2214 447 2289; x_wconf 83' lang='lat' dir='ltr'>nolit,</span> <span class='ocrx_word' id='word_1_111' title='bbox 464 2216 515 2277; x_wconf 89' lang='lat' dir='ltr'>sed</span> <span class='ocrx_word' id='word_1_112' title='bbox 530 2213 630 2276; x_wconf 86' lang='lat' dir='ltr'>statim</span> <span class='ocrx_word' id='word_1_113' title='bbox 647 2215 684 2275; x_wconf 92' lang='lat' dir='ltr'>ad</span> <span class='ocrx_word' id='word_1_114' title='bbox 700 2214 896 2295; x_wconf 84' lang='lat' dir='ltr'>perfectiorem</span> <span class='ocrx_word' id='word_1_115' title='bbox 916 2214 1127 2277; x_wconf 89' lang='lat' dir='ltr'>institutionem</span> <span class='ocrx_word' id='word_1_116' title='bbox 1143 2233 1275 2297; x_wconf 87' lang='lat' dir='ltr'>progres-</span> 
     </span>
     <span class='ocr_line' id='line_1_18' title="bbox 106 2320 1275 2404; baseline -0.003 -16"><span class='ocrx_word' id='word_1_117' title='bbox 106 2343 191 2388; x_wconf 89' lang='lat' dir='ltr'>surus</span> <span class='ocrx_word' id='word_1_118' title='bbox 206 2325 263 2400; x_wconf 83' lang='lat' dir='ltr'>sit3</span> <span class='ocrx_word' id='word_1_119' title='bbox 279 2322 353 2385; x_wconf 91' lang='lat' dir='ltr'>ratio</span> <span class='ocrx_word' id='word_1_120' title='bbox 370 2331 422 2396; x_wconf 83' lang='lat' dir='ltr'>est,</span> <span class='ocrx_word' id='word_1_121' title='bbox 438 2321 507 2404; x_wconf 91' lang='lat' dir='ltr'>quia</span> <span class='ocrx_word' id='word_1_122' title='bbox 521 2320 700 2403; x_wconf 90' lang='lat' dir='ltr'>impossibile</span> <span class='ocrx_word' id='word_1_123' title='bbox 715 2330 767 2395; x_wconf 76' lang='lat' dir='ltr'>cst,</span> <span class='ocrx_word' id='word_1_124' title='bbox 784 2332 816 2382; x_wconf 89' lang='lat' dir='ltr'>ut</span> <span class='ocrx_word' id='word_1_125' title='bbox 831 2321 884 2396; x_wconf 92' lang='lat' dir='ltr'>illi,</span> <span class='ocrx_word' id='word_1_126' title='bbox 904 2322 953 2402; x_wconf 92' lang='lat' dir='ltr'>qui</span> <span class='ocrx_word' id='word_1_127' title='bbox 975 2321 1155 2404; x_wconf 90' lang='lat' dir='ltr'>plenitudine</span> <span class='ocrx_word' id='word_1_128' title='bbox 1171 2321 1275 2384; x_wconf 89' lang='lat' dir='ltr'>salutis</span> 
     </span>
     <span class='ocr_line' id='line_1_19' title="bbox 106 2428 1275 2513; baseline -0.004 -19"><span class='ocrx_word' id='word_1_129' title='bbox 106 2431 192 2513; x_wconf 89' lang='lat' dir='ltr'>potiti</span> <span class='ocrx_word' id='word_1_130' title='bbox 207 2433 247 2494; x_wconf 88' lang='lat' dir='ltr'>ab</span> <span class='ocrx_word' id='word_1_131' title='bbox 262 2431 320 2492; x_wconf 87' lang='lat' dir='ltr'>ista</span> <span class='ocrx_word' id='word_1_132' title='bbox 334 2428 429 2491; x_wconf 86' lang='lat' dir='ltr'>saluto</span> <span class='ocrx_word' id='word_1_133' title='bbox 444 2428 560 2509; x_wconf 90' lang='lat' dir='ltr'>penitus</span> <span class='ocrx_word' id='word_1_134' title='bbox 575 2429 738 2490; x_wconf 88' lang='lat' dir='ltr'>defecerunt</span> <span class='ocrx_word' id='word_1_135' title='bbox 759 2437 789 2490; x_wconf 91' lang='lat' dir='ltr'>et</span> <span class='ocrx_word' id='word_1_136' title='bbox 811 2429 840 2490; x_wconf 92' lang='lat' dir='ltr'>in</span> <span class='ocrx_word' id='word_1_137' title='bbox 855 2437 935 2490; x_wconf 89' lang='lat' dir='ltr'>statu</span> <span class='ocrx_word' id='word_1_138' title='bbox 957 2430 1123 2491; x_wconf 85' lang='lat' dir='ltr'>defectionis</span> <span class='ocrx_word' id='word_1_139' title='bbox 1139 2447 1275 2510; x_wconf 82' lang='lat' dir='ltr'>perseve-</span> 
     </span>
     <span class='ocr_line' id='line_1_20' title="bbox 104 2535 1275 2619; baseline -0.004 -18"><span class='ocrx_word' id='word_1_140' title='bbox 104 2548 180 2613; x_wconf 86' lang='lat' dir='ltr'>rant,</span> <span class='ocrx_word' id='word_1_141' title='bbox 202 2555 254 2619; x_wconf 92' lang='lat' dir='ltr'>per</span> <span class='ocrx_word' id='word_1_142' title='bbox 283 2535 437 2618; x_wconf 79' lang='lat' dir='ltr'>repetitam</span> <span class='ocrx_word' id='word_1_143' title='bbox 467 2535 695 2598; x_wconf 87' lang='lat' dir='ltr'>rudimentorum</span> <span class='ocrx_word' id='word_1_144' title='bbox 728 2535 950 2616; x_wconf 84' lang='lat' dir='ltr'>explicationem</span> <span class='ocrx_word' id='word_1_145' title='bbox 980 2537 1018 2597; x_wconf 90' lang='lat' dir='ltr'>ad</span> <span class='ocrx_word' id='word_1_146' title='bbox 1048 2557 1149 2598; x_wconf 88' lang='lat' dir='ltr'>sensus</span> <span class='ocrx_word' id='word_1_147' title='bbox 1179 2536 1223 2597; x_wconf 92' lang='lat' dir='ltr'>sui</span> <span class='ocrx_word' id='word_1_148' title='bbox 1244 2536 1275 2596; x_wconf 94' lang='lat' dir='ltr'>in</span> 
     </span>
     <span class='ocr_line' id='line_1_21' title="bbox 104 2641 1274 2723; baseline -0.005 -15"><span class='ocrx_word' id='word_1_149' title='bbox 104 2645 209 2708; x_wconf 90' lang='lat' dir='ltr'>melius</span> <span class='ocrx_word' id='word_1_150' title='bbox 224 2643 424 2716; x_wconf 86' lang='lat' dir='ltr'>mutationem,</span> <span class='ocrx_word' id='word_1_151' title='bbox 440 2663 490 2704; x_wconf 90' lang='lat' dir='ltr'>seu</span> <span class='ocrx_word' id='word_1_152' title='bbox 505 2644 543 2704; x_wconf 88' lang='lat' dir='ltr'>ad</span> <span class='ocrx_word' id='word_1_153' title='bbox 559 2643 766 2723; x_wconf 84' lang='lat' dir='ltr'>poenitentiam</span> <span class='ocrx_word' id='word_1_154' title='bbox 782 2652 992 2705; x_wconf 85' lang='lat' dir='ltr'>revocarentur.</span> <span class='ocrx_word' id='word_1_155' title='bbox 1023 2643 1164 2706; x_wconf 90' lang='lat' dir='ltr'>Indirecte</span> <span class='ocrx_word' id='word_1_156' title='bbox 1187 2641 1274 2704; x_wconf 93' lang='lat' dir='ltr'>simul</span> 
     </span>
     <span class='ocr_line' id='line_1_22' title="bbox 104 2747 1273 2830; baseline -0.003 -16"><span class='ocrx_word' id='word_1_157' title='bbox 104 2752 151 2814; x_wconf 89' lang='lat' dir='ltr'>his</span> <span class='ocrx_word' id='word_1_158' title='bbox 167 2751 264 2813; x_wconf 89' lang='lat' dir='ltr'>verbis</span> <span class='ocrx_word' id='word_1_159' title='bbox 278 2749 400 2812; x_wconf 87' lang='lat' dir='ltr'>lectores</span> <span class='ocrx_word' id='word_1_160' title='bbox 415 2767 512 2810; x_wconf 86' lang='lat' dir='ltr'>severe</span> <span class='ocrx_word' id='word_1_161' title='bbox 521 2749 702 2821; x_wconf 87' lang='lat' dir='ltr'>adhortatur,</span> <span class='ocrx_word' id='word_1_162' title='bbox 718 2769 754 2810; x_wconf 93' lang='lat' dir='ltr'>ne</span> <span class='ocrx_word' id='word_1_163' title='bbox 769 2769 788 2810; x_wconf 90' lang='lat' dir='ltr'>a</span> <span class='ocrx_word' id='word_1_164' title='bbox 802 2749 859 2812; x_wconf 89' lang='lat' dir='ltr'>fide</span> <span class='ocrx_word' id='word_1_165' title='bbox 868 2758 1004 2830; x_wconf 86' lang='lat' dir='ltr'>suscepta</span> <span class='ocrx_word' id='word_1_166' title='bbox 1012 2759 1042 2810; x_wconf 91' lang='lat' dir='ltr'>et</span> <span class='ocrx_word' id='word_1_167' title='bbox 1050 2749 1169 2830; x_wconf 89' lang='lat' dir='ltr'>proinde</span> <span class='ocrx_word' id='word_1_168' title='bbox 1184 2747 1273 2811; x_wconf 91' lang='lat' dir='ltr'>etiam</span> 
     </span>
     <span class='ocr_line' id='line_1_23' title="bbox 105 2853 1274 2938; baseline -0.003 -17"><span class='ocrx_word' id='word_1_169' title='bbox 105 2857 236 2921; x_wconf 85' lang='lat' dir='ltr'>asalute</span> <span class='ocrx_word' id='word_1_170' title='bbox 258 2856 400 2920; x_wconf 82' lang='lat' dir='ltr'>deficiant</span> <span class='ocrx_word' id='word_1_171' title='bbox 435 2853 537 2918; x_wconf 84' lang='lat' dir='ltr'>Oratio</span> <span class='ocrx_word' id='word_1_172' title='bbox 558 2857 601 2916; x_wconf 89' lang='lat' dir='ltr'>ita</span> <span class='ocrx_word' id='word_1_173' title='bbox 623 2855 783 2938; x_wconf 85' lang='lat' dir='ltr'>composita</span> <span class='ocrx_word' id='word_1_174' title='bbox 807 2866 859 2929; x_wconf 86' lang='lat' dir='ltr'>est,</span> <span class='ocrx_word' id='word_1_175' title='bbox 882 2865 916 2919; x_wconf 89' lang='lat' dir='ltr'>ut</span> <span class='ocrx_word' id='word_1_176' title='bbox 938 2856 1087 2937; x_wconf 89' lang='lat' dir='ltr'>apostolus</span> <span class='ocrx_word' id='word_1_177' title='bbox 1110 2856 1274 2936; x_wconf 83' lang='lat' dir='ltr'>graviorum</span> 
     </span>
     <span class='ocr_line' id='line_1_24' title="bbox 103 2961 1275 3037; baseline 0 -11"><span class='ocrx_word' id='word_1_178' title='bbox 103 2966 261 3027; x_wconf 89' lang='lat' dir='ltr'>verborum</span> <span class='ocrx_word' id='word_1_179' title='bbox 277 2963 390 3025; x_wconf 87' lang='lat' dir='ltr'>delectu</span> <span class='ocrx_word' id='word_1_180' title='bbox 406 2962 466 3023; x_wconf 92' lang='lat' dir='ltr'>vim</span> <span class='ocrx_word' id='word_1_181' title='bbox 495 2961 654 3024; x_wconf 87' lang='lat' dir='ltr'>sententiae</span> <span class='ocrx_word' id='word_1_182' title='bbox 676 2961 826 3037; x_wconf 85' lang='lat' dir='ltr'>addiderit,</span> <span class='ocrx_word' id='word_1_183' title='bbox 848 2972 878 3025; x_wconf 91' lang='lat' dir='ltr'>et</span> <span class='ocrx_word' id='word_1_184' title='bbox 899 2963 1082 3026; x_wconf 82' lang='lat' dir='ltr'>atrocitatem</span> <span class='ocrx_word' id='word_1_185' title='bbox 1104 2962 1230 3025; x_wconf 85' lang='lat' dir='ltr'>criminis</span> <span class='ocrx_word' id='word_1_186' title='bbox 1245 2973 1275 3026; x_wconf 89' lang='lat' dir='ltr'>et</span> 
     </span>
     <span class='ocr_line' id='line_1_25' title="bbox 103 3067 1275 3154; baseline -0.002 -21"><span class='ocrx_word' id='word_1_187' title='bbox 103 3090 215 3154; x_wconf 86' lang='lat' dir='ltr'>poenae</span> <span class='ocrx_word' id='word_1_188' title='bbox 230 3069 405 3151; x_wconf 86' lang='lat' dir='ltr'>gravitatem</span> <span class='ocrx_word' id='word_1_189' title='bbox 420 3069 584 3132; x_wconf 90' lang='lat' dir='ltr'>ostenderit.</span> <span class='ocrx_word' id='word_1_190' title='bbox 601 3105 644 3117; x_wconf 89' lang='lat'><em>-</em></span> <span class='ocrx_word' id='word_1_191' title='bbox 660 3067 747 3138; x_wconf 82' lang='lat' dir='ltr'>Quod</span> <span class='ocrx_word' id='word_1_192' title='bbox 767 3069 1004 3133; x_wconf 83' lang='lat' dir='ltr'>constructionem</span> <span class='ocrx_word' id='word_1_193' title='bbox 1020 3072 1124 3132; x_wconf 91' lang='lat' dir='ltr'>horum</span> <span class='ocrx_word' id='word_1_194' title='bbox 1139 3089 1275 3134; x_wconf 82' lang='lat' dir='ltr'>versuum</span> 
     </span>
     <span class='ocr_line' id='line_1_26' title="bbox 103 3175 1274 3253; baseline 0.004 -14"><span class='ocrx_word' id='word_1_195' title='bbox 103 3177 218 3250; x_wconf 83' lang='lat' dir='ltr'>attinet,</span> <span class='ocrx_word' id='word_1_196' title='bbox 234 3175 386 3238; x_wconf 89' lang='lat' dir='ltr'>dicendum</span> <span class='ocrx_word' id='word_1_197' title='bbox 402 3185 461 3237; x_wconf 91' lang='lat' dir='ltr'>est:</span> <span class='ocrx_word' id='word_1_198' title='bbox 486 3196 505 3237; x_wconf 88' lang='lat' dir='ltr'>a</span> <span class='ocrx_word' id='word_1_199' title='bbox 519 3177 607 3238; x_wconf 91' lang='lat' dir='ltr'>verbo</span> <span class='ocrx_word' id='word_1_200' title='bbox 622 3175 768 3244; x_wconf 78' lang='grc' dir='ltr'>ἀδυνατον</span> <span class='ocrx_word' id='word_1_201' title='bbox 782 3176 958 3239; x_wconf 85' lang='lat' dir='ltr'>infinitivum</span> <span class='ocrx_word' id='word_1_202' title='bbox 972 3179 1062 3243; x_wconf 85' lang='grc' dir='ltr'>πάλιν</span> <span class='ocrx_word' id='word_1_203' title='bbox 1079 3175 1274 3253; x_wconf 73' lang='grc' dir='ltr'>ἀνακαινίζειν</span> 
     </span>
     <span class='ocr_line' id='line_1_27' title="bbox 102 3275 1275 3370; baseline 0.003 -26"><span class='ocrx_word' id='word_1_204' title='bbox 102 3283 144 3368; x_wconf 85' lang='grc' dir='ltr'>(ν.</span> <span class='ocrx_word' id='word_1_205' title='bbox 161 3280 205 3370; x_wconf 86' lang='grc'>6.)</span> <span class='ocrx_word' id='word_1_206' title='bbox 231 3292 261 3345; x_wconf 83' lang='grc' dir='ltr'>οι</span> <span class='ocrx_word' id='word_1_207' title='bbox 282 3284 321 3344; x_wconf 91' lang='lat' dir='ltr'>ab</span> <span class='ocrx_word' id='word_1_208' title='bbox 344 3283 399 3346; x_wconf 91' lang='lat' dir='ltr'>hoc</span> <span class='ocrx_word' id='word_1_209' title='bbox 425 3281 568 3345; x_wconf 86' lang='lat' dir='ltr'>infinitivo</span> <span class='ocrx_word' id='word_1_210' title='bbox 588 3283 686 3345; x_wconf 91' lang='lat' dir='ltr'>omnia</span> <span class='ocrx_word' id='word_1_211' title='bbox 708 3275 862 3364; x_wconf 89' lang='lat' dir='ltr'>participia</span> <span class='ocrx_word' id='word_1_212' title='bbox 885 3283 928 3366; x_wconf 91' lang='lat' dir='ltr'>(in</span> <span class='ocrx_word' id='word_1_213' title='bbox 943 3303 991 3346; x_wconf 87' lang='lat' dir='ltr'>vv.</span> <span class='ocrx_word' id='word_1_214' title='bbox 1008 3284 1039 3350; x_wconf 84' lang='lat'>4.</span> <span class='ocrx_word' id='word_1_215' title='bbox 1054 3285 1086 3352; x_wconf 78' lang='grc' dir='ltr'>ὃ.</span> <span class='ocrx_word' id='word_1_216' title='bbox 1109 3294 1138 3346; x_wconf 83' lang='grc' dir='ltr'>οι</span> <span class='ocrx_word' id='word_1_217' title='bbox 1154 3283 1197 3370; x_wconf 80' lang='grc'>6.)</span> <span class='ocrx_word' id='word_1_218' title='bbox 1222 3287 1275 3348; x_wconf 90' lang='lat' dir='ltr'>de-</span> 
     </span>
     <span class='ocr_line' id='line_1_28' title="bbox 102 3391 235 3472; baseline -0.008 -20"><span class='ocrx_word' id='word_1_219' title='bbox 102 3391 235 3472; x_wconf 90' lang='lat' dir='ltr'>pendere.</span> 
     </span>
    </p>

    <p class='ocr_par' dir='ltr' id='par_1_10' title="bbox 101 3495 1276 4434">
     <span class='ocr_line' id='line_1_29' title="bbox 192 3495 1274 3571; baseline 0.004 -13"><span class='ocrx_word' id='word_1_220' title='bbox 192 3495 304 3558; x_wconf 89' lang='lat' dir='ltr'>Versus</span> <span class='ocrx_word' id='word_1_221' title='bbox 318 3495 350 3558; x_wconf 91' lang='lat' dir='ltr'>hi</span> <span class='ocrx_word' id='word_1_222' title='bbox 365 3495 494 3558; x_wconf 87' lang='lat' dir='ltr'>maxime</span> <span class='ocrx_word' id='word_1_223' title='bbox 509 3495 539 3557; x_wconf 93' lang='lat' dir='ltr'>in</span> <span class='ocrx_word' id='word_1_224' title='bbox 555 3515 643 3558; x_wconf 89' lang='lat' dir='ltr'>causa</span> <span class='ocrx_word' id='word_1_225' title='bbox 657 3497 781 3571; x_wconf 72' lang='lat' dir='ltr'>merant,</span> <span class='ocrx_word' id='word_1_226' title='bbox 797 3515 847 3560; x_wconf 90' lang='lat' dir='ltr'>cur</span> <span class='ocrx_word' id='word_1_227' title='bbox 856 3499 994 3561; x_wconf 88' lang='lat' dir='ltr'>Romana</span> <span class='ocrx_word' id='word_1_228' title='bbox 1003 3499 1123 3562; x_wconf 85' lang='lat' dir='ltr'>ecclesia</span> <span class='ocrx_word' id='word_1_229' title='bbox 1137 3509 1274 3562; x_wconf 87' lang='lat' dir='ltr'>cunctata</span> 
     </span>
     <span class='ocr_line' id='line_1_30' title="bbox 105 3601 1276 3684; baseline 0.004 -20"><span class='ocrx_word' id='word_1_230' title='bbox 105 3603 152 3677; x_wconf 90' lang='lat' dir='ltr'>sit,</span> <span class='ocrx_word' id='word_1_231' title='bbox 168 3601 323 3684; x_wconf 88' lang='lat' dir='ltr'>epistolam</span> <span class='ocrx_word' id='word_1_232' title='bbox 338 3604 376 3664; x_wconf 89' lang='lat' dir='ltr'>ad</span> <span class='ocrx_word' id='word_1_233' title='bbox 391 3603 542 3665; x_wconf 87' lang='lat' dir='ltr'>Hebraeos</span> <span class='ocrx_word' id='word_1_234' title='bbox 551 3601 580 3664; x_wconf 92' lang='lat' dir='ltr'>in</span> <span class='ocrx_word' id='word_1_235' title='bbox 590 3621 728 3665; x_wconf 89' lang='lat' dir='ltr'>canonem</span> <span class='ocrx_word' id='word_1_236' title='bbox 738 3603 877 3684; x_wconf 89' lang='lat' dir='ltr'>recipere;</span> <span class='ocrx_word' id='word_1_237' title='bbox 894 3625 963 3666; x_wconf 90' lang='lat' dir='ltr'>narn</span> <span class='ocrx_word' id='word_1_238' title='bbox 973 3606 1002 3666; x_wconf 90' lang='lat' dir='ltr'>in</span> <span class='ocrx_word' id='word_1_239' title='bbox 1012 3605 1066 3668; x_wconf 88' lang='lat' dir='ltr'>illa</span> <span class='ocrx_word' id='word_1_240' title='bbox 1075 3606 1276 3680; x_wconf 85' lang='lat' dir='ltr'>controversia,</span> 
     </span>
     <span class='ocr_line' id='line_1_31' title="bbox 104 3707 1275 3794; baseline 0.003 -23"><span class='ocrx_word' id='word_1_241' title='bbox 104 3731 144 3771; x_wconf 90' lang='lat' dir='ltr'>an</span> <span class='ocrx_word' id='word_1_242' title='bbox 161 3707 311 3772; x_wconf 86' lang='lat' dir='ltr'>christiani</span> <span class='ocrx_word' id='word_1_243' title='bbox 327 3709 403 3789; x_wconf 87' lang='lat' dir='ltr'>lapsi</span> <span class='ocrx_word' id='word_1_244' title='bbox 418 3709 448 3770; x_wconf 96' lang='lat' dir='ltr'>in</span> <span class='ocrx_word' id='word_1_245' title='bbox 458 3709 598 3791; x_wconf 86' lang='lat' dir='ltr'>gremium</span> <span class='ocrx_word' id='word_1_246' title='bbox 607 3709 742 3772; x_wconf 89' lang='lat' dir='ltr'>ecclesiae</span> <span class='ocrx_word' id='word_1_247' title='bbox 751 3709 837 3794; x_wconf 92' lang='lat' dir='ltr'>recipi</span> <span class='ocrx_word' id='word_1_248' title='bbox 848 3720 878 3773; x_wconf 89' lang='lat' dir='ltr'>et</span> <span class='ocrx_word' id='word_1_249' title='bbox 887 3721 1068 3791; x_wconf 89' lang='lat' dir='ltr'>peccatomm</span> <span class='ocrx_word' id='word_1_250' title='bbox 1079 3713 1275 3776; x_wconf 85' lang='lat' dir='ltr'>remissionem</span> 
     </span>
     <span class='ocr_line' id='line_1_32' title="bbox 102 3814 1276 3907; baseline 0.005 -30"><span class='ocrx_word' id='word_1_251' title='bbox 102 3817 132 3878; x_wconf 92' lang='lat' dir='ltr'>in</span> <span class='ocrx_word' id='word_1_252' title='bbox 159 3823 340 3878; x_wconf 89' lang='lat' dir='ltr'>sacramento</span> <span class='ocrx_word' id='word_1_253' title='bbox 355 3814 548 3896; x_wconf 86' lang='lat' dir='ltr'>poenitentiae</span> <span class='ocrx_word' id='word_1_254' title='bbox 563 3815 692 3878; x_wconf 89' lang='lat' dir='ltr'>obtinere</span> <span class='ocrx_word' id='word_1_255' title='bbox 713 3817 833 3898; x_wconf 79' lang='lat' dir='ltr'>possint,</span> <span class='ocrx_word' id='word_1_256' title='bbox 861 3817 914 3891; x_wconf 93' lang='lat' dir='ltr'>illi,</span> <span class='ocrx_word' id='word_1_257' title='bbox 936 3818 986 3899; x_wconf 91' lang='lat' dir='ltr'>qui</span> <span class='ocrx_word' id='word_1_258' title='bbox 1007 3818 1162 3881; x_wconf 82' lang='lat' dir='ltr'>severiores</span> <span class='ocrx_word' id='word_1_259' title='bbox 1183 3830 1276 3907; x_wconf 81' lang='lat' dir='ltr'>crant,</span> 
     </span>
     <span class='ocr_line' id='line_1_33' title="bbox 106 3919 1276 4006; baseline 0.002 -22"><span class='ocrx_word' id='word_1_260' title='bbox 106 3921 327 3985; x_wconf 79' lang='lat' dir='ltr'>Moatomictce</span> <span class='ocrx_word' id='word_1_261' title='bbox 345 3919 453 3984; x_wconf 89' lang='lat' dir='ltr'>scilicet</span> <span class='ocrx_word' id='word_1_262' title='bbox 476 3931 506 3984; x_wconf 91' lang='lat' dir='ltr'>et</span> <span class='ocrx_word' id='word_1_263' title='bbox 522 3921 706 4001; x_wconf 76' lang='lat' dir='ltr'>Nepotiani,</span> <span class='ocrx_word' id='word_1_264' title='bbox 730 3925 807 3987; x_wconf 91' lang='lat' dir='ltr'>hunc</span> <span class='ocrx_word' id='word_1_265' title='bbox 831 3925 926 3988; x_wconf 92' lang='lat' dir='ltr'>locum</span> <span class='ocrx_word' id='word_1_266' title='bbox 948 3934 978 3986; x_wconf 90' lang='lat' dir='ltr'>et</span> <span class='ocrx_word' id='word_1_267' title='bbox 1002 3925 1154 4006; x_wconf 88' lang='lat' dir='ltr'>praecipue</span> <span class='ocrx_word' id='word_1_268' title='bbox 1176 3943 1276 3988; x_wconf 87' lang='lat' dir='ltr'>vocem</span> 
     </span>
     <span class='ocr_line' id='line_1_34' title="bbox 102 4025 1276 4114; baseline 0.002 -22"><span class='ocrx_word' id='word_1_269' title='bbox 102 4027 250 4094; x_wconf 76' lang='grc' dir='ltr'>ἀδονατον</span> <span class='ocrx_word' id='word_1_270' title='bbox 272 4028 422 4107; x_wconf 83' lang='lat' dir='ltr'>urgebant.</span> <span class='ocrx_word' id='word_1_271' title='bbox 453 4025 533 4097; x_wconf 79' lang='lat' dir='ltr'>Quia</span> <span class='ocrx_word' id='word_1_272' title='bbox 554 4038 653 4091; x_wconf 87' lang='lat' dir='ltr'>autem</span> <span class='ocrx_word' id='word_1_273' title='bbox 673 4031 810 4093; x_wconf 88' lang='lat' dir='ltr'>Romana</span> <span class='ocrx_word' id='word_1_274' title='bbox 826 4031 955 4094; x_wconf 81' lang='lat' dir='ltr'>Ecclesia</span> <span class='ocrx_word' id='word_1_275' title='bbox 978 4032 1008 4092; x_wconf 92' lang='lat' dir='ltr'>in</span> <span class='ocrx_word' id='word_1_276' title='bbox 1031 4032 1183 4113; x_wconf 88' lang='lat' dir='ltr'>disciplina</span> <span class='ocrx_word' id='word_1_277' title='bbox 1207 4051 1276 4114; x_wconf 79' lang='lat' dir='ltr'>erga</span> 
     </span>
     <span class='ocr_line' id='line_1_35' title="bbox 102 4135 1272 4216; baseline 0.004 -20"><span class='ocrx_word' id='word_1_278' title='bbox 102 4135 202 4216; x_wconf 89' lang='lat' dir='ltr'>lapsos</span> <span class='ocrx_word' id='word_1_279' title='bbox 219 4144 249 4195; x_wconf 89' lang='lat' dir='ltr'>et</span> <span class='ocrx_word' id='word_1_280' title='bbox 263 4143 427 4214; x_wconf 88' lang='lat' dir='ltr'>peccatores</span> <span class='ocrx_word' id='word_1_281' title='bbox 442 4135 540 4198; x_wconf 93' lang='lat' dir='ltr'>mitior</span> <span class='ocrx_word' id='word_1_282' title='bbox 555 4144 618 4198; x_wconf 90' lang='lat' dir='ltr'>erat</span> <span class='ocrx_word' id='word_1_283' title='bbox 633 4135 692 4198; x_wconf 91' lang='lat' dir='ltr'>illis</span> <span class='ocrx_word' id='word_1_284' title='bbox 708 4137 867 4211; x_wconf 89' lang='lat' dir='ltr'>haereticis,</span> <span class='ocrx_word' id='word_1_285' title='bbox 885 4139 961 4200; x_wconf 89' lang='lat' dir='ltr'>hunc</span> <span class='ocrx_word' id='word_1_286' title='bbox 976 4147 1074 4200; x_wconf 87' lang='lat' dir='ltr'>autem</span> <span class='ocrx_word' id='word_1_287' title='bbox 1089 4139 1186 4201; x_wconf 91' lang='lat' dir='ltr'>locum</span> <span class='ocrx_word' id='word_1_288' title='bbox 1202 4159 1272 4201; x_wconf 87' lang='lat' dir='ltr'>suae</span> 
     </span>
     <span class='ocr_line' id='line_1_36' title="bbox 101 4239 1271 4326; baseline 0.003 -22"><span class='ocrx_word' id='word_1_289' title='bbox 101 4239 301 4304; x_wconf 87' lang='lat' dir='ltr'>consuetudini</span> <span class='ocrx_word' id='word_1_290' title='bbox 317 4241 492 4304; x_wconf 87' lang='lat' dir='ltr'>contrarium</span> <span class='ocrx_word' id='word_1_291' title='bbox 507 4263 568 4304; x_wconf 88' lang='lat' dir='ltr'>esse</span> <span class='ocrx_word' id='word_1_292' title='bbox 592 4245 726 4325; x_wconf 87' lang='lat' dir='ltr'>putabat,</span> <span class='ocrx_word' id='word_1_293' title='bbox 744 4243 832 4325; x_wconf 87' lang='lat' dir='ltr'>igitur</span> <span class='ocrx_word' id='word_1_294' title='bbox 850 4244 926 4306; x_wconf 89' lang='lat' dir='ltr'>hanc</span> <span class='ocrx_word' id='word_1_295' title='bbox 944 4245 1099 4326; x_wconf 89' lang='lat' dir='ltr'>epistolam</span> <span class='ocrx_word' id='word_1_296' title='bbox 1115 4245 1271 4326; x_wconf 86' lang='lat' dir='ltr'>genuinum</span> 
     </span>
     <span class='ocr_line' id='line_1_37' title="bbox 101 4345 1272 4434; baseline 0.008 -25"><span class='ocrx_word' id='word_1_297' title='bbox 101 4369 123 4410; x_wconf 89' lang='lat' dir='ltr'>s.</span> <span class='ocrx_word' id='word_1_298' title='bbox 140 4345 227 4410; x_wconf 92' lang='lat' dir='ltr'>Pauli</span> <span class='ocrx_word' id='word_1_299' title='bbox 246 4349 339 4410; x_wconf 86' lang='lat' dir='ltr'>foetus</span> <span class='ocrx_word' id='word_1_300' title='bbox 355 4367 416 4411; x_wconf 87' lang='lat' dir='ltr'>esse</span> <span class='ocrx_word' id='word_1_301' title='bbox 432 4347 470 4410; x_wconf 89' lang='lat' dir='ltr'>ad</span> <span class='ocrx_word' id='word_1_302' title='bbox 480 4357 596 4434; x_wconf 89' lang='lat' dir='ltr'>tempus</span> <span class='ocrx_word' id='word_1_303' title='bbox 606 4351 741 4430; x_wconf 85' lang='lat' dir='ltr'>negabat.</span> <span class='ocrx_word' id='word_1_304' title='bbox 754 4388 794 4396; x_wconf 85' lang='lat'>—-</span> <span class='ocrx_word' id='word_1_305' title='bbox 805 4349 847 4414; x_wconf 86' lang='lat' dir='ltr'>Ut</span> <span class='ocrx_word' id='word_1_306' title='bbox 862 4361 962 4414; x_wconf 90' lang='lat' dir='ltr'>autem</span> <span class='ocrx_word' id='word_1_307' title='bbox 979 4352 1160 4417; x_wconf 88' lang='lat' dir='ltr'>hunclocum</span> <span class='ocrx_word' id='word_1_308' title='bbox 1175 4351 1272 4419; x_wconf 81' lang='grc' dir='ltr'><strong>Μου-</strong></span> 
     </span>
    </p>
   </div>
   <div class='ocr_carea' id='block_1_8' title="bbox 0 0 1536 4894">
    <p class='ocr_par' dir='ltr' id='par_1_11' title="bbox 0 0 1536 4894">
     <span class='ocr_line' id='line_1_38' title="bbox 0 0 1536 4894; baseline 0 1"><span class='ocrx_word' id='word_1_309' title='bbox 0 0 1536 4894; x_wconf 95' lang='lat' dir='ltr'> </span> 
     </span>
    </p>
   </div>
  </div>
 </body>
</html>
