3064 4894
586 311 711 377 Expositis
729 310 777 360 ΠΙ.
795 305 822 358 7.

585 549 588 552 ,
621 495 733 552 Sentio
757 496 787 550 2.

117 631 207 692 'l'ali
230 630 449 705 doctrinae,
472 630 600 713 qualis
623 639 687 691 est
709 627 943 700 christiana,
965 623 1191 707 obsequium
1213 643 1285 688 non

293 739 297 748 ’
534 747 589 800 est
610 737 878 816 denegandum.
963 755 966 761 ¹
1284 737 1285 744 ’

511 879 582 962 cap.
611 880 667 942 ru.
692 879 812 946 r-rv.
842 877 889 944 13.

206 1021 309 1084 Finita
333 1021 491 1086 ,collatione
523 995 632 1083 Christi
656 1040 722 1084 eum
737 1021 841 1102 Moyse
862 1020 999 1082 instituta
1021 1017 1115 1100 pergit
1135 1015 1290 1098 apostolus

118 1130 323 1196 lectoressnos
338 1129 481 1192 cohortari
490 1131 529 1191 ad
538 1137 720 1190 constantem
728 1125 872 1208 religionis
882 1126 1056 1190 christianae
1071 1122 1284 1208 professionem,

115 1246 148 1298 et
163 1237 258 1318 prouti
273 1257 335 1318 cap,
351 1237 390 1300 Il.
406 1257 433 1301 v.
454 1237 480 1300 1.
497 1257 534 1302 ss.
549 1233 703 1316 respiciens
718 1233 812 1317 capite
827 1233 920 1316 primo
936 1233 1022 1308 dicta,
1037 1233 1158 1296 lectores
1181 1231 1284 1294 admo·

114 1353 227 1417 nuerat,
243 1353 277 1406 ut
291 1345 330 1405 ad
346 1341 455 1404 Christi
465 1343 633 1415 doctrinam,
649 1361 715 1404 eum
724 1341 835 1422 angelis
851 1341 935 1422 longe
943 1340 1072 1422 superior
1087 1339 1133 1414 sit,
1149 1336 1284 1418 eomagis

113 1450 246 1514 animum
261 1451 453 1524 adverterent,
468 1449 511 1511 ita
527 1450 584 1512 hac
599 1450 629 1511 in
643 1449 777 1522 sectione,
792 1447 810 1512 i.
827 1469 850 1510 e.
867 1449 906 1510 ab
926 1449 982 1511 hoc
995 1465 1081 1510 versu
1096 1465 1186 1530 usque
1201 1445 1240 1507 ad
1255 1464 1283 1508 v.

116 1559 167 1624 13.
183 1578 247 1639 cap.
263 1556 409 1638 sequentis
425 1557 545 1619 lectores
561 1557 736 1648 cohortatur,
751 1565 786 1618 ut
800 1555 920 1618 firmiter
935 1556 1115 1618 adhaereant
1136 1552 1283 1618 doctrinae

113 1661 233 1739 Christi,
249 1684 313 1726 cum
330 1663 444 1744 legatus
460 1663 499 1724 sit
514 1662 629 1724 divinus
644 1663 747 1744 Moyse
763 1663 847 1744 longe
856 1662 1049 1725 excellentior.
1080 1659 1206 1724 Omnem
1215 1677 1289 1730 vero,

112 1789 198 1834 suem
209 1769 437 1833 cohortationem
446 1769 538 1830 veluti
546 1770 734 1832 fundamento
743 1768 915 1850 superstruit
925 1768 1038 1850 psalmo
1046 1765 1136 1829 XCV
1138 1767 1283 1854 .8·11.,

111 1877 162 1958 qui
177 1875 374 1958 parenthetice
389 1875 464 1938 inter
478 1895 578 1938 vocem
594 1876 648 1950 διό,
664 1893 788 1957 quocum
809 1895 837 1938 v.
853 1877 882 1942 7.
897 1875 1006 1957 incipit,
1022 1885 1052 1937 et
1066 1874 1142 1938 inter
1157 1875 1281 1958 βλέπετε

110 2005 139 2046 v.
160 1983 208 2048 12.
224 1983 412 2045 interseritur.
443 1983 556 2045 Auctor
571 1981 627 2044 isto
642 1982 757 2063 psalmo
772 1983 872 2056 utitur,
888 1983 957 2064 quia
979 2003 1016 2046 ex
1032 1980 1177 2044 sententia
1190 1980 1281 2062 ipsius

111 2089 255 2153 monitum
270 2089 300 2151 in
316 2109 350 2152 eo
366 2100 533 2152 contentum
548 2107 615 2151 vere
629 2099 660 2152 et
674 2091 799 2171 perfecte
821 2093 858 2152 ad
874 2090 1000 2152 salutem
1015 2090 1044 2152 in
1061 2088 1177 2152 Christo
1198 2086 1283 2150 nohis

108 2197 242 2260 oblatam
257 2206 379 2276 spectet.
411 2195 571 2257 Psalmista
587 2194 665 2280 (coll.
680 2195 735 2258 IV.
753 2198 782 2263 7.
798 2193 910 2283 David)
927 2197 1056 2261 Judaeos
1081 2197 1126 2259 sui
1141 2193 1285 2277 temporis

108 2303 284 2385 alloquitur:
301 2311 401 2364 auctor
415 2320 484 2364 vero
499 2311 596 2365 noster
611 2301 747 2376 ostendit,
762 2323 805 2377 ea,
828 2323 902 2384 quae
917 2303 1078 2368 Psalmista
1092 2303 1222 2366 Judaeos
1236 2302 1280 2364 sui

108 2410 370 2491 temporis-monet,
386 2408 483 2472 altiori
499 2411 591 2490 gradu
616 2411 651 2472 de
673 2409 838 2472 christianis
860 2410 973 2485 valere,
995 2411 1053 2474 imo
1077 2413 1168 2472 verba
1181 2409 1280 2479 ,nera

108 2518 263 2600 psalmista
279 2516 395 2598 prolata
409 2517 504 2596 quoad
520 2515 640 2596 plenum
655 2525 743 2598 atque
754 2517 912 2598 perlectum
928 2535 1026 2580 eorum
1035 2537 1152 2579 sensum
1167 2503 1287 2579 nonnisi

107 2627 146 2688 ad
162 2623 334 2687 christianos
353 2631 484 2703 spectare
505 2641 600 2703 posse.
626 2659 668 2669 —-
693 2621 829 2686 Ceterum
853 2623 983 2690 Davides
1004 2623 1034 2686 in
1055 2623 1150 2706 prima
1171 2622 1286 2704 psalmi

107 2739 192 2814 parte
207 2727 322 2816 (1-7)
339 2730 448 2792 excitat
463 2728 613 2790 Israelitas
629 2729 667 2791 ad
684 2729 795 2792 cultum
811 2731 873 2793 Deo
894 2749 962 2794 vero
977 2732 1178 2806 tribuendum
1202 2731 1279 2812 quod

106 2839 215 2901 attinet
229 2837 353 2899 alteram
368 2845 482 2917 partem
498 2833 646 2920 (8-11)‚
662 2857 752 2920 quarn
761 2859 782 2900 s.
794 2837 905 2900 Paulus
920 2837 1032 2912 laudat,
1047 2837 1077 2901 in
1086 2858 1121 2900 ea
1130 2835 1279 2902 israelitas

106 2953 214 3017 monet
238 2953 270 3005 ut
292 2945 411 3004 tandem
435 2941 498 3005 voci
519 2941 574 3004 Dei
599 2943 809 3026 obtemperent,
831 2954 861 3006 et
875 2955 940 3008 tum
955 2946 1057 3008 statim
1072 2947 1167 3009 Deum
1183 2944 1280 3028 ipsum

105 3051 217 3115 inducit
232 3050 398 3131 loquentem
415 3058 445 3110 et
460 3049 587 3130 graviter
596 3051 747 3114 Israelitas
756 3053 1067 3128 commonefacientem,
1077 3073 1113 3116 ne
1128 3052 1279 3116 imitentur

108 3176 259 3241 perversos
278 3173 371 3218 mores
399 3155 542 3217 maiorum
564 3175 689 3232 suorum,
711 3159 760 3240 qui
783 3178 820 3220 ex
842 3158 979 3242 Aegypto
1000 3160 1094 3224 educti
1115 3161 1146 3222 in
1166 3161 1279 3224 deserto

107 3275 226 3348 propter
241 3261 467 3326 inobedientiam
482 3281 566 3324 suam
581 3262 734 3344 perierant,
749 3285 801 3327 nec
815 3266 963 3346 pervenire
978 3277 1113 3349 poterant
1126 3269 1157 3330 in
1171 3277 1278 3332 terram

105 3372 323 3434 Chenanaeam.

194 3499 222 3540 v.
239 3478 268 3543 7.
285 3475 348 3552 Διὸ,
364 3479 474 3550 καθὼς
490 3479 571 3558 λέγει
586 3481 619 3542 τὸ
634 3488 749 3564 πνεῦμα
758 3483 791 3544 τὸ
808 3477 901 3562 ἅγιον·
917 3479 1063 3570 Σήμερον,
1079 3481 1131 3547 ἐὰν
1141 3495 1194 3572 τῆς
1210 3503 1276 3570 ρω-

105 3599 159 3674 νής
174 3581 266 3649 αὐτοῦ
282 3583 441 3670 machnase,
458 3619 501 3628 —
517 3583 680 3664 Apostolus
689 3593 835 3648 auctorem
850 3587 957 3668 psalmi
968 3587 1091 3651 adducit
1101 3586 1243 3670 Spiritum
1252 3609 1275 3650 s.

104 3711 164 3771 qua
179 3689 348 3772 primarium
364 3699 510 3752 auctorem
527 3711 549 3752 s.
566 3691 732 3772 scripturae,
749 3701 831 3757 uteo
845 3693 948 3757 maiori
970 3715 1036 3758 cum
1050 3693 1211 3757 reverentia
1226 3713 1276 3758 co-
1355 3745 1360 3760 .

105 3798 233 3862 hortatio
248 3796 422 3877 suscipiatur
436 3797 586 3878 magisque
602 3807 719 3861 moveat
734 3819 791 3874 eos,
814 3818 936 3881 quorum
951 3821 1040 3864 causa
1055 3801 1214 3864 adducitur.
1231 3836 1274 3846 —
1340 3855 1344 3864 ,

104 3906 175 3968 Vox
191 3911 321 3992 σήμερον
337 3923 374 3964 ex
389 3912 486 3965 mente
502 3903 673 3984 psalmistae
689 3905 846 3986 significat:
862 3909 917 3970 hoc
931 3917 1069 3989 tempore,
1095 3929 1152 3990 quo
1167 3927 1220 3971 vos
1235 3909 1274 3970 ad

105 4011 161 4074 Dei
176 4010 289 4073 cultum
304 4008 487 4086 excitamini;
508 4020 538 4072 et
553 4029 604 4092 per
618 4017 671 4101 τήν
687 4017 789 4100 φωνήν
805 4010 896 4079 αὐτοῦ
911 4013 1115 4096 intelligendae
1123 4023 1192 4077 sunt
1205 4013 1275 4077 illae

103 4119 185 4200 ipsae
200 4115 414 4180 cohortationes
423 4118 460 4178 ad
471 4116 588 4197 pietatis
597 4118 735 4192 studium,
751 4139 825 4200 quae
840 4119 870 4180 in
879 4119 994 4200 psalmo
1009 4139 1065 4183 av.
1077 4121 1171 4188 1-7.
1187 4138 1274 4203 prae-

104 4230 554 4300 cesserunt3·ex111enteautem
576 4225 702 4288 auctoms
724 4225 865 4306 epistolae
886 4223 972 4288 huius
994 4225 1128 4308 designat
1143 4235 1273 4317 σήμερον

102 4341 226 4414 tempus,
241 4329 319 4411 quod
335 4348 400 4392 cnm
414 4327 590 4394 revelatione
605 4331 660 4393 Dei
675 4349 727 4414 per
740 4329 918 4416 ipsissimum
939 4351 1023 4398 suum
1046 4331 1154 4400 lilium
1176 4335 1273 4419 coepit
