3064 4894
555 257 680 320 Expositio
699 256 770 308 VIII.
791 253 869 305 6-8.

630 441 741 498 Seotlo
765 443 795 496 2.

121 582 272 642 Novum
289 583 430 653 hoedus,
447 580 556 641 cuius
578 577 764 640 mediator
786 577 1151 650 exstititOhristus,
1176 579 1294 639 multo

119 687 353 750 melioribus
375 687 563 748 sancitum
586 695 644 746 est
666 684 886 767 promissis,
911 703 1017 764 quam
1032 683 1171 756 Vetus,
1195 685 1292 762 quod

312 795 411 855 Deus
432 793 589 876 penitus
610 792 802 855 abolitum
826 789 872 852 iri
896 789 1117 852 declaravit.

556 932 627 1016 Gap.
644 931 730 994 VIII.
748 935 866 1000 6-13.

213 1098 238 1136 ν.
256 1080 284 1141 6.
304 1075 379 1142 Νυνὶ
395 1077 427 1140 δὲ
446 1079 671 1161 διαφορωτέρας
687 1081 809 1162 τέτευχε
824 1077 1019 1160 λειτουργίας,
1040 1069 1102 1159 ῧσιρ
1123 1079 1175 1139 καί
1190 1079 1289 1158 κρείτ-

119 1189 209 1256 τονός
227 1183 289 1248 ἐστι
304 1184 458 1270 διαθήκης
475 1187 604 1268 μεσίτης,
626 1180 690 1270 ἥτις
707 1181 754 1246 ἐπὶ
769 1185 931 1266 κρείττοσιν
954 1179 1144 1263 ἐπαγγελίαις
1166 1203 1291 1265 νενομο-

118 1292 263 1375 θέτηται.
281 1326 322 1335 -
340 1287 504 1350 Particulae
520 1291 580 1352 νυνί
603 1289 635 1352 δέ
651 1289 759 1350 nonde
781 1297 909 1371 tempore
931 1298 999 1350 suut
1020 1287 1217 1368 accipiendae,
1242 1289 1292 1348 sed

118 1403 241 1457 nectunt
257 1394 391 1476 opposita
406 1402 437 1455 et
451 1394 594 1457 contraria
610 1394 653 1468 iis,
669 1389 744 1474 quae
759 1405 989 1476 praecesserunt3
1013 1395 1103 1456 latine
1126 1394 1205 1456 reddi
1221 1413 1291 1473 pos-

118 1511 190 1564 sunt
205 1519 270 1584 per:
286 1502 346 1564 iam
362 1519 438 1565 vero.
469 1503 504 1562 In
519 1521 546 1568 v,
563 1504 592 1567 4.
604 1521 707 1583 nempe
716 1496 867 1581 apostolus
876 1501 965 1564 dlxit:
982 1502 1006 1563 si
1022 1511 1097 1564 esset
1107 1500 1181 1586 (scil.
1191 1497 1291 1582 Jesus)

117 1626 206 1692 super
221 1619 337 1682 terram,
353 1627 404 1670 nec
419 1617 495 1670 esset
510 1609 657 1682 sacerdos3
679 1609 737 1669 iam
761 1609 828 1671 'uero
852 1609 957 1691 (pergit
972 1605 1076 1686 dicere)
1099 1609 1231 1670 sacerdos
1246 1615 1292 1666 est

118 1715 205 1778 iuxta
220 1715 416 1777 testimonium
434 1714 564 1788 Davidis‚
580 1725 609 1776 et
624 1735 658 1777 eo
673 1715 777 1777 melius
792 1725 821 1776 et
837 1715 987 1796 augustius
1003 1723 1105 1776 nactus
1127 1724 1171 1775 est
1193 1730 1288 1774 sacer-

117 1822 239 1894 dotium,
255 1842 313 1902 quo
328 1820 454 1882 melioris
469 1821 589 1902 foederis
610 1821 672 1902 ipse
694 1830 738 1883 est
762 1821 934 1883 conciliator.
951 1858 994 1867 -
1010 1819 1142 1883 Ohristus
1163 1822 1192 1884 h.
1209 1820 1228 1881 l.
1246 1816 1290 1903 (et

119 1929 175 1990 IX.
195 1926 258 2012 15.)
276 1907 378 1992 dicitur
394 1932 524 2016 μεσίτης,
536 1937 678 2009 quatenus
694 1947 801 1990 novum
811 1927 994 1990 foedusinter
1004 1929 1098 2010 Deum
1114 1936 1144 1988 et
1159 1925 1289 1989 homines

118 2034 185 2097 fecit
199 2035 288 2115 idque
303 2055 355 2096 suo
371 2035 510 2116 sanguine
527 2035 631 2097 sanxit.
663 2033 722 2097 Gur
737 2044 835 2096 autem
851 2035 1001 2117 apostolus
1016 2033 1165 2097 Christum
1187 2039 1287 2120 κρείτ-

118 2157 204 2206 τονος
221 2142 375 2230 διαθήκης
391 2143 580 2205 mediatorem
605 2141 805 2224 appellaverit
827 2142 890 2222 ipse
905 2141 1034 2204 declarat
1054 2141 1160 2204 additis
1177 2141 1288 2204 verbis:

117 2248 181 2337 ἥτις
198 2247 245 2313 έπί
261 2253 424 2333 κρείττοσιν
441 2247 630 2330 ἐπαγγελίαις
647 2251 891 2336 νενομοθέτηται.
910 2285 947 2296 -
962 2252 1136 2336 νομοθετεῖν
1151 2249 1179 2312 h.
1197 2249 1215 2310 l.
1233 2251 1286 2310 de-

118 2363 217 2416 notat:
233 2354 352 2429 sancire,
368 2364 464 2416 ratum
480 2357 579 2423 facere.
597 2357 707 2418 ——Per
723 2361 893 2440 κρείττονας
903 2355 1082 2438 ἐπαγγελίας
1098 2356 1287 2436 intelligenda

116 2471 183 2523 sunt
199 2463 276 2522 bona
292 2461 440 2535 coelestim
465 2462 553 2542 plena
575 2462 711 2524 nlmirum
734 2461 916 2545 peccatorum
939 2463 1032 2536 venia,
1056 2465 1138 2525 lavor
1162 2462 1285 2534 divinus,

116 2567 239 2630 felicitas
255 2577 373 2631 aeterna
390 2577 451 2639 etc,
475 2588 550 2648 quae
573 2569 775 2651 promissiones
790 2570 820 2630 in
842 2572 882 2633 V.
898 2570 932 2630 T.
957 2578 1071 2631 tantum
1094 2571 1286 2632 adumbratae

115 2683 204 2736 eraut.
536 2657 538 2664 ,

204 2803 231 2846 v.
249 2779 330 2878 aar
346 2786 404 2867 γὰρ
420 2783 441 2872 η
457 2787 561 2870 πρώτη
578 2781 676 2871 ἐκείνη
693 2782 729 2872 ἦν
745 2783 912 2870 ἄμεμπτος,
930 2781 986 2848 oda
1002 2781 1038 2848 ἂν
1055 2784 1195 2868 δευτέρας
1212 2780 1282 2867 ἐζη-

116 2900 191 2967 τεῖτο
206 2895 306 2962 τόπος.
323 2925 367 2934 -
383 2888 564 2951 Sententiam
588 2910 615 2949 ν.
634 2891 663 2956 6.
687 2890 833 2972 prolatam
856 2890 1052 2952 institutiones
1074 2890 1114 2950 V.
1132 2891 1164 2950 F.
1187 2908 1283 2971 perse

116 2998 152 3057 ad
167 2995 299 3057 homiues
314 2995 343 3056 in
361 2998 422 3057 Deo
438 2996 623 3075 perficiendos
639 3017 695 3058 non
713 2997 865 3072 suffecisse,
881 3006 980 3060 auctor
995 3017 1032 3059 ex
1042 2996 1113 3078 ipsis
1127 2996 1167 3064 V.
1184 2997 1217 3060 F.
1233 3017 1283 3060 sa-

116 3102 169 3166 cris
184 3102 276 3164 literis
292 3103 404 3184 probat,
421 3102 587 3163 adducendo
613 3101 706 3164 locum
730 3103 835 3164 Jerem.
859 3103 983 3168 XXXI.
1007 3105 1158 3177 31-34.‚
1181 3103 1283 3184 inquo

116 3211 195 3271 Deus
210 3226 261 3287 per
275 3227 307 3269 os
323 3207 487 3288 Prophetae
503 3227 610 3270 novum
633 3217 662 3270 et
686 3209 837 3290 perfectius
859 3212 958 3273 foedus
980 3230 1046 3274 cum
1068 3211 1176 3292 populo
1191 3211 1281 3274 Israel

116 3315 298 3395 pangendum
313 3313 343 3374 in
360 3314 453 3376 locum
469 3314 586 3376 Veteris
601 3315 736 3378 Foederis
750 3334 903 3390 cessurum,
920 3318 1085 3393 annunciat,
1101 3354 1145 3365 -
1161 3316 1281 3406 hipapa-

115 3435 172 3494 τος,
189 3419 448 3502 irrcprehcusibile,
464 3429 563 3482 autem
579 3431 700 3504 negatur
714 3423 810 3486 Vetus
832 3424 1061 3497 Testamentum,
1084 3425 1101 3487 i.
1118 3446 1142 3488 e.
1160 3427 1228 3499 tale,
1251 3427 1280 3490 iu

115 3545 169 3608 quo
185 3526 258 3588 nihil
281 3535 379 3606 posset
401 3527 579 3608 reprehendi,
603 3548 659 3590 non
682 3532 758 3611 quod
783 3531 865 3593 iuxta
888 3531 1126 3594 Manichaeorum
1148 3533 1280 3596 haeresia

114 3632 182 3695 mali
198 3631 309 3713 aliquid
324 3631 354 3694 iu
370 3652 400 3695 se
415 3634 536 3697 haberet
551 3633 671 3721 (etenim
685 3636 735 3699 ‘lex
750 3637 867 3700 Domini
883 3639 1081 3711 immaculata,
1103 3648 1165 3702 tam
1186 3651 1279 3714 vetus,

114 3759 200 3821 quam
215 3736 315 3825 nova),
331 3741 381 3801 sed
398 3741 536 3820 quonium
551 3743 748 3825 imperfectum
765 3753 836 3818 erat,
858 3753 959 3826 utpote
974 3747 1051 3826 quod
1067 3745 1197 3808 subditos
1212 3767 1280 3810 suos

113 3845 287 3909 sanctificare
302 3865 359 3908 uon
375 3857 472 3926 posset
490 3845 643 3933 (Euticu).
661 3917 664 3924 Δ
1262 3851 1264 3856 ’

198 3971 226 4014 v.
244 3953 272 4018 8.
288 3949 490 4040 Μεμφόμενυς
506 3952 786 4039 repercuterem·
819 3953 898 4022 Ἰδοὺ
908 3955 1019 4046 ἡμέραι
1028 3957 1179 4046 ἔρχονται,
1196 3960 1278 4042 λέγει

112 4065 223 4146 κίριος,
231 4063 283 4124 καὶ
291 4061 459 4126 συντελέσω
468 4058 517 4125 ἐπὶ
525 4065 575 4128 τὸν
583 4059 666 4128 οἶκον
680 4059 807 4151 Ἰσραὴλ
824 4067 876 4128 καί
890 4063 938 4128 ἐπί
944 4068 993 4129 τὸν
1003 4061 1085 4130 οίκυν
1095 4061 1197 4130 'lotha
1212 4055 1286 4131 διαὲ

112 4170 212 4257 θήκην
227 4173 341 4256 καινην,
361 4199 400 4212 -
412 4166 575 4250 Apostolus
590 4189 666 4230 nunc
681 4169 777 4230 verbis
791 4167 936 4231 Jeremiae
952 4172 1065 4250 probat,
1081 4171 1276 4252 imperfectam

112 4269 1278 4367 luissereligionemiudaicamadeoqueDeumeisufficerevoluissealiatmnempe
