3094 4892
254 325 299 390 22
685 325 725 376 ne
742 331 843 376 maore
860 326 985 388 armna.

255 503 361 584 queudi
375 502 516 566 formulae
536 502 703 574 obveniant,
727 523 802 584 quae
823 505 901 584 apud
917 513 1025 566 eeteros
1046 505 1085 566 N.
1100 504 1134 565 T.
1155 513 1286 565 auctores
1307 511 1427 582 praeter

256 611 363 692 scripta
377 609 474 672 Lunae
497 609 543 671 vel
566 609 683 672 omuino
706 629 763 674 uon
787 609 929 690 leguntur,
949 610 997 672 vel
1019 611 1112 672 rarius
1134 621 1210 672 oerte
1232 605 1426 690 apparant31)

256 727 304 780 ast
325 718 437 780 Lueam
460 715 648 778 nihilominus
676 717 771 797 operis
792 727 938 779 auctorem
960 718 1068 780 habere
1090 737 1149 779 uon
1169 735 1332 797 possumus,
1355 714 1427 794 quia

256 832 403 888 auotorem
418 823 515 904 prodit
522 823 672 884 natalibus
687 833 717 884 et
726 823 883 885 eruditione
892 843 947 884 sua
954 823 975 885 J
977 825 1116 898 udaeum;
1131 824 1334 886 Lucasautam
1343 821 1426 882 haud

257 931 345 993 dubie
361 927 435 1010 (Col,
451 929 506 990 IV.
525 929 575 994 14.
591 928 656 990 ooll.
672 926 734 990 Col.
750 929 805 990 IV.
824 926 886 1012 11.)
907 938 991 992 extra
1006 929 1208 992 Palaestinam
1229 937 1317 990 uatus
1331 928 1427 988 fuerat

257 1035 428 1119 parentibus
442 1033 584 1109 etbuiois;
601 1054 652 1097 ueo
666 1035 842 1116 theologiam
856 1035 1000 1098 iudaieam
1015 1055 1052 1096 ex
1067 1037 1195 1116 professo
1209 1034 1341 1098 didieisse
1355 1049 1427 1113 pro-

259 1141 322 1205 ben'
337 1137 474 1224 potest.⁸)

348 1244 383 1328 b)
398 1248 601 1322 Baream
624 1247 805 1329 aliquamdiu
826 1247 999 1310 familiarem
1020 1267 1056 1309 ae
1076 1247 1211 1310 eomitem
1233 1246 1329 1320 Pauli,
1346 1245 1428 1309 ouius

262 1353 310 1416 bio
324 1353 354 1416 iu
377 1353 438 1414 suis
457 1353 571 1435 seriptis
585 1363 615 1416 et
629 1356 725 1418 Luoas
746 1355 776 1418 in
796 1354 921 1418 dotibus
941 1373 1028 1436 saepe
1048 1353 1189 1427 meminit,
1211 1353 1366 1435 epistolam
1388 1353 1429 1413 ad

262 1461 413 1522 Hebraeos
427 1477 571 1534 exarasse,
588 1462 808 1526 Tertullianus
824 1462 873 1544 (de
887 1461 1027 1542 pudioitia
1041 1481 1065 1524 o.
1081 1458 1147 1545 20.)
1169 1462 1345 1524 oonfidenter
1358 1476 1429 1542 pro-

261 1565 418 1639 nuntiauit,
432 1586 498 1630 oum
513 1587 578 1629 eam
594 1569 794 1631 Romanorum
809 1588 899 1630 eausa
913 1567 1007 1630 Paulo
1022 1569 1182 1630 adsoribere
1204 1587 1263 1630 uon
1278 1574 1384 1647 posset,
1398 1573 1431 1625 et

262 1683 360 1734 tamen
376 1673 438 1736 viro
452 1674 593 1754 apostolis
607 1676 665 1738 lere
681 1675 743 1757 pari
759 1675 884 1736 tribuere
898 1674 996 1737 vellet.
1026 1675 1216 1738 Desideratur
1230 1683 1329 1736 autem
1344 1690 1431 1734 omne

262 1789 465 1860 argumentum
481 1779 657 1856 linonicum,
673 1801 730 1863 quo
745 1782 818 1843 haee
833 1781 976 1843 antemio
984 1783 1174 1843 oonbrmetur.
1199 1782 1351 1861 Oriyeaee
1366 1797 1431 1840 me-

266 1895 363 1948 morat
377 1885 494 1968 quidem
509 1886 628 1971 (Euseb.
644 1889 684 1950 H.
700 1887 733 1951 lt
749 1887 804 1948 VI.
821 1883 887 1970 25.)
903 1886 977 1948 alios
986 1888 1091 1960 Lueae,
1106 1886 1181 1948 alios
1190 1882 1334 1946 Clementi
1343 1882 1431 1944 Rom.

263 1991 420 2073 epistolam
443 1992 613 2066 adscribere,
635 1994 685 2054 sed
708 1992 903 2064 traditionem,
925 2012 1000 2073 quae
1023 2013 1088 2054 eam
1111 1993 1267 2054 Barnabae
1291 1987 1433 2059 tribuerit,

265 2096 388 2178 ignorat.
418 2099 573 2160 Praeterea
587 2099 750 2171 Bamabae‚
771 2097 920 2161 natalibus
942 2099 1057 2179 quidem
1073 2097 1189 2180 Cyprio,
1211 2094 1433 2175 Hierosolymae

266 2211 366 2265 tamen
382 2204 479 2266 sedern
495 2205 586 2266 fixam
608 2203 728 2266 habenti
750 2203 830 2286 (Aet
846 2204 901 2266 IV.
917 2207 969 2272 36.
985 2208 1053 2280 3l.;
1067 2207 1124 2268 IX.
1141 2207 1192 2272 26.
1209 2205 1276 2278 2Ί.;
1291 2202 1348 2264 XI.
1365 2197 1432 2279 22.)

267 2326 372 2390 parum
386 2309 536 2372 eonveuire
551 2310 665 2372 videtur
679 2309 732 2370 illa
748 2309 949 2392 philosophiae
964 2312 1111 2374 orientalis
1126 2323 1155 2373 et
1170 2309 1351 2394 eloquentiae
1365 2323 1434 2368 ora-

267 2416 358 2479 toriae
373 2416 504 2498 ooguitio
520 2416 600 2480 ouius
616 2416 845 2480 luoulentissima
868 2419 991 2500 vestigia
1006 2418 1146 2500 epistolae
1168 2420 1206 2480 ad
1221 2417 1372 2478 Hebraeos
1386 2411 1434 2472 in-

269 2524 399 2592 haerent.
430 2524 480 2586 Ad
495 2523 650 2604 epistolam
672 2525 825 2586 Bamahae
849 2525 964 2588 nomine
985 2536 1085 2587 notam
1108 2525 1158 2586 vix
1181 2539 1335 2605 provoeare
1360 2519 1434 2588 lieet,

268 2650 332 2695 oum
348 2630 511 2693 verosimile
526 2630 660 2692 seriorem
675 2629 761 2692 buius
776 2632 900 2694 nominis
920 2632 1014 2694 virum
1037 2641 1183 2693 auctorem
1206 2624 1361 2710 habeant)
1384 2622 1434 2704 qui

268 2755 336 2800 vero
350 2737 468 2799 illama
483 2745 580 2800 nostro
594 2737 734 2799 Bamaba
747 2739 906 2801 eonfeotarn
922 2748 1036 2821 putant,
1052 2739 1147 2801 adhue
1169 2736 1265 2797 minus
1289 2730 1434 2795 haesitare

269 2855 399 2926 possum,
414 2845 492 2906 hune
506 2843 661 2924 epistelam
676 2845 714 2905 ad
729 2845 880 2907 Hebraeos
901 2865 959 2907 non
974 2844 1135 2926 soripeisse;
1158 2852 1243 2903 tante
1262 2839 1340 2903 enim
1361 2837 1436 2898 inter

269 2962 433 3031 utramque,
448 2951 525 3031 quod
547 2967 641 3012 rerum
662 2950 801 3013 seleotum
823 2962 853 3014 et
874 2950 1014 3016 seribendi
1036 2969 1126 3031 genus
1147 2948 1262 3020 attinet,
1283 2943 1436 3008 diversitas

269 3056 500 3138 deprehenditur,
517 3067 550 3118 ut
564 3056 656 3119 maior
671 3076 728 3120 non
743 3057 874 3142 possita)

363 3194 382 3265 ¹)
401 3195 457 3246 liae
474 3211 546 3248 voees
563 3213 593 3248 ae
610 3198 726 3263 loquendi
744 3199 865 3249 formulae
890 3199 1047 3247 adduonntnr
1065 3213 1080 3246 a
1099 3193 1230 3244 Delitarob
1254 3195 1281 3242 in
1299 3193 1352 3242 eius
1370 3206 1435 3241 eom-

272 3286 393 3337 meutarlo
411 3286 438 3335 in
455 3287 526 3351 epist.
545 3287 577 3336 ad
595 3287 721 3338 Hebraeos
738 3303 795 3354 pag.
815 3284 869 3336 704
885 3303 917 3338 ss.

365 3371 386 3442 ²)
405 3372 544 3426 Nonnullor
562 3381 676 3426 veterum
691 3377 820 3440 epistolam
839 3375 927 3426 Laeuo
945 3375 1110 3441 evangelistae
1128 3373 1271 3428 vindieasae,
1291 3376 1367 3420 testes
1379 3373 1438 3418 aunt

260 3449 392 3530 'oseam
412 3463 512 3532 (ama.
531 3464 564 3514 u.
585 3466 614 3514 a.
625 3464 672 3514 vr.
691 3461 745 3532 aa.)
759 3464 920 3516 paenam
932 3461 997 3532 (aa.
1011 3463 1105 3512 nam.
1125 3475 1146 3510 0.
1159 3457 1215 3528 88.)
1229 3466 1255 3510 a
1267 3456 1438 3523 mmmm

273 3551 332 3621 (eat.
350 3554 433 3616 soript.
452 3554 511 3604 eoel.
530 3569 551 3604 e.
571 3551 607 3622 ὅ).
643 3554 737 3605 Eadem
757 3561 794 3604 est
811 3555 965 3618 quorundam
983 3551 1145 3602 reeentiorum
1164 3549 1296 3614 persuasio,
1314 3553 1344 3595 ut
1362 3543 1437 3593 Doel·

273 3644 357 3708 anper
376 3641 571 3712 (Christenthum
596 3642 648 3692 und
675 3641 769 3692 Kirohe
793 3645 820 3692 iu
838 3643 881 3691 der
898 3641 953 3691 Zeit
978 3641 1021 3690 der
1046 3637 1240 3703 Gruudlegun33
1265 3635 1438 3701 Regemburg.

275 3721 353 3786 reeb.
391 3730 428 3782 et.
446 3729 516 3800 aa),
536 3731 667 3782 menaea
693 3729 728 3798 (a
747 3730 852 3782 aurare.
873 3747 897 3779 u.
918 3727 1031 3790 Quaem
1055 3727 1172 3776 zuene.
1191 3725 1209 3774 r.
1228 3726 1252 3774 a
1271 3723 1335 3773 rua.
1352 3723 1438 3772 maor.

276 3818 354 3873 1849.
372 3821 407 3872 H.
426 3819 451 3871 2.
470 3820 507 3872 St.
526 3816 587 3872 272.
606 3822 633 3871 ff.
651 3821 702 3870 und
715 3822 749 3869 im
762 3820 929 3870 Kommentar
940 3833 995 3867 uum
1010 3815 1123 3866 Hebraer
1135 3815 1211 3865 Brief.
1242 3809 1439 3879 leipai318573

272 3909 309 3961 St.
329 3908 383 3960 704
400 3909 439 3978 ff.)
457 3917 483 3960 et
499 3911 613 3961 aliorum.

363 4000 386 4064 ⁸)
404 3999 452 4050 oa.
472 3997 587 4065 rma
603 3998 699 4048 naar.
718 3997 794 4046 enan
820 3997 873 4044 erre.
893 3995 913 4044 1.
932 4010 957 4056 p.
978 3991 1028 4041 150
1047 3988 1112 4057 aqna
1138 3989 1396 4055 Hispanienses.
1415 3989 1438 4036 a

273 4083 392 4140 nablath
413 4089 533 4154 Freiburg
548 4088 604 4137 Htt
624 4085 650 4134 2.
669 4085 706 4135 St.
727 4081 801 4141 lea,
820 4083 875 4132 Htt.
890 4079 914 4130 3.
929 4081 965 4132 St
978 4079 1055 4139 aaa,
1078 4077 1189 4130 Ularosm
1208 4077 1278 4132 seua
1298 4077 1349 4127 und
1361 4076 1441 4126 Kritt.

276 4173 353 4228 reae.
382 4177 418 4228 sa
438 4173 499 4226 aar.
517 4175 560 4234 n,
583 4171 707 4224 amaa
731 4156 926 4237 uraaanga'cn.
952 4170 973 4220 r.
994 4168 1018 4218 1.
1036 4167 1072 4218 se.
1098 4163 1174 4226 raa,
1202 4163 1291 4235 assae
1315 4166 1339 4214 a.
1365 4161 1441 4214 senr-

273 4265 404 4320 arhrelbeu*
418 4265 461 4314 des
480 4265 529 4327 Ap.
547 4261 683 4312 Barnabas.
702 4259 837 4326 'itihingen
854 4256 930 4307 leto.

361 4357 382 4418 ⁴)
400 4349 554 4403 ambae
565 4349 681 4416 epistolae
699 4349 730 4399 ad
742 4349 869 4402 Hebraeos
881 4353 1006 4399 aueboem
1018 4345 1173 4396 habueruut:
1195 4340 1324 4394 aarum
1339 4345 1436 4408 quasa
