3064 4894
486 334 648 400 Paraphrasir
674 333 721 385 ΠΙ.
740 331 849 385 7.-Ν.
871 332 911 385 13.
1240 337 1283 403 85

112 523 297 580 contumaces
311 516 427 577 reddere
442 515 556 576 animos
571 524 690 586 vestros,
706 514 781 576 siout
794 513 918 576 maiores
934 514 1022 577 vestri
1038 515 1165 576 fecarunt
1184 513 1214 576 in
1231 514 1283 578 illo

114 623 190 696 loco,
199 620 249 704 qui
259 621 443 684 arebellione
452 641 556 683 nomen
566 621 683 701 accepit.
701 619 914 690 Quinameuim
929 619 1031 682 audita
1045 639 1115 683 vooe
1129 620 1284 684 divinare-

113 729 264 792 bellarunt
280 737 309 790 et
325 727 495 792 seditionem
518 728 690 790 movemur?
712 747 781 788 nurn
805 728 901 808 negari
924 735 1022 808 potest
1045 726 1133 789 fuisse
1154 746 1212 802 eos,
1234 728 1283 808 qui

111 837 218 918 Moyse
233 837 304 898 duce
319 853 356 898 ex
371 833 510 916 Aegypto
525 834 675 895 exierant?
706 831 821 904 Quibus
843 843 941 896 autem
957 833 1123 914 indignatus
1144 843 1189 896 est
1203 835 1283 918 Deus

110 959 165 1024 per
179 961 271 1004 annos
287 941 501 1022 quadraginta?
523 960 617 1002 nonne
640 939 707 1012 illis,
730 939 779 1020 qui
802 941 1016 1013 murmurando,
1032 942 1127 1002 Deum
1143 942 1283 1004 tentando
1361 939 1365 950 '

112 1058 144 1110 et
159 1048 188 1111 in
205 1048 301 1129 ipsum
316 1067 373 1110 non
389 1049 502 1126 fidendo
517 1055 715 1129 peccaverunt,
731 1047 780 1128 qui
795 1055 947 1128 propterea
964 1045 1108 1127 periemnt
1122 1046 1152 1108 in
1169 1048 1281 1111 deserto

113 1174 271 1236 eorumque
292 1156 435 1218 cadavera
458 1153 498 1216 ibi
520 1155 669 1218 iacuerunt
689 1152 857 1235 insepulta?
886 1151 1038 1224 Quosuam
1060 1152 1182 1238 denique
1205 1154 1282 1217 iure-

115 1264 241 1326 iurando
256 1261 425 1343 interposito
440 1260 566 1342 negavit,
590 1270 696 1324 terram
726 1258 867 1324 Obanaau
889 1280 1019 1344 unquam
1041 1259 1206 1336 intraturos,
1228 1260 1282 1324 nisi

109 1369 188 1444 illos,
205 1367 255 1450 qui
271 1367 297 1430 ei
312 1369 399 1432 fidem
415 1369 612 1450 denegarunt?
643 1371 747 1450 Itaque
761 1387 820 1432 non
843 1377 999 1450 potuerunt
1021 1368 1167 1450 pervenire
1183 1369 1222 1430 ad
1236 1369 1251 1430 f
1265 1403 1281 1416 -

110 1476 254 1539 licitatem
269 1474 340 1556 ipsis
355 1475 445 1538 aDeo
455 1475 640 1548 destinatam,
656 1473 820 1556 quiafidem
836 1483 864 1536 et
875 1473 1045 1557 obsequium
1059 1474 1085 1536 ei
1095 1476 1281 1555 denegarunt.

200 1580 368 1644 Careamus
383 1581 479 1664 igitur,
495 1602 530 1644 ne
547 1584 626 1655 forte,
643 1601 708 1644 cunr
724 1581 807 1645 nobis
817 1580 917 1644 relicta
931 1581 970 1644 sit
978 1580 1137 1662 promissio,
1153 1597 1281 1662 nosper-

106 1699 246 1752 venturos
261 1709 323 1751 esse
337 1689 376 1751 ad
391 1687 561 1750 felicitatem
576 1688 641 1761 Dei,
657 1687 764 1769 aliquis
785 1695 914 1749 vestrum
936 1707 989 1750 sua
1004 1687 1090 1768 culpa
1112 1686 1280 1750 felicitatem

107 1796 165 1878 ipsi
189 1795 365 1857 destinatam
390 1804 419 1856 et
444 1795 616 1875 promissam
639 1815 695 1856 uon
727 1803 907 1875 assequatur.
949 1793 1062 1855 Etenim
1086 1793 1175 1854 etiam
1197 1794 1281 1856 nobis

108 1901 262 1985 promissio
277 1901 398 1982 contigit
412 1901 487 1964 sicut
508 1901 578 1964 olim
593 1900 715 1964 Judaeis
737 1901 766 1962 in
789 1903 916 1977 deserto;
941 1901 1068 1962 sednon
1092 1899 1200 1980 profuit
1221 1899 1280 1962 illis

108 2008 211 2072 andita
225 2007 387 2090 promissio,
403 2007 457 2082 cui,
473 2006 522 2089 qui
538 2027 603 2070 eam
619 2006 799 2081 audiverant,
814 2007 901 2069 fidem
917 2009 1102 2088 denegarunt.
1125 2007 1188 2068 Nos
1203 2025 1280 2082 vero,

107 2115 159 2200 qui
175 2114 316 2178 credimus
340 2123 371 2176 et
394 2116 541 2176 credentes
562 2115 625 2176 Deo
646 2114 806 2188 obedimus,
829 2113 1020 2194 ingrediemur
1042 2113 1072 2176 in
1096 2113 1232 2194 requiem,
1248 2113 1277 2176 in

107 2241 196 2304 quam
219 2223 299 2284 Deus
323 2220 400 2283 iurat
423 2241 479 2284 non
501 2221 676 2302 ingressuros
699 2241 768 2294 esse,
792 2222 840 2302 qui
864 2242 920 2284 non
944 2220 1122 2294 crediderint,
1145 2222 1280 2302 quamvis

107 2330 181 2392 baec
195 2328 308 2409 requies
324 2327 383 2389 iam
399 2329 439 2390 ab
454 2327 537 2391 initio
559 2327 658 2390 mundi
675 2337 849 2409 praeparata
871 2338 941 2390 erat
972 2327 1056 2390 Dixit
1080 2327 1156 2389 enim
1179 2326 1279 2408 Scrip-

108 2445 176 2498 tura
192 2433 279 2519 (Gen.
296 2435 335 2498 ΙΙ.
352 2431 394 2518 2.)
417 2436 453 2496 de
479 2433 602 2516 septimo
617 2435 663 2496 die
684 2435 739 2498 sia:
764 2435 804 2498 Et
827 2433 967 2515 requievit
988 2436 1068 2496 Deus
1089 2434 1135 2495 die
1157 2433 1279 2515 septimo

107 2544 147 2605 ab
162 2541 298 2604 omnibus
313 2539 448 2622 operibus
462 2539 539 2616 suis;
554 2549 584 2602 et
598 2557 696 2603 mrsus
710 2540 740 2604 in
757 2541 872 2622 psalmo
887 2539 947 2602 iam
962 2560 1048 2621 saepe
1063 2539 1152 2602 citato
1166 2540 1279 2621 requies

106 2648 163 2712 Dei
189 2646 340 2722 indicatur,
366 2668 385 2709 a
410 2667 469 2728 qua
484 2646 588 2710 Judaei
614 2646 750 2710 inereduli
782 2648 982 2710 excluduntur.
1022 2643 1169 2716 Quoniam
1192 2645 1279 2727 igitur
1311 2643 1312 2648 ’

105 2763 246 2838 superest,
262 2763 296 2816 ut
310 2753 429 2835 quidam
445 2754 474 2814 in
484 2754 611 2834 requiem
622 2755 676 2816 Dei
692 2753 868 2834 perveniant,
886 2753 1080 2838 postquami,
1090 2753 1277 2834 quibushaec

107 2859 259 2944 promissio
274 2859 355 2942 prius
370 2860 496 2941 contigit,
520 2869 638 2942 propter
652 2860 862 2924 contumaciam
887 2862 924 2922 ad
946 2861 1023 2926 banc
1037 2858 1205 2924 felicitatem
1220 2879 1278 2924 uon

107 2976 308 3052 pervenerant,
325 2967 429 3030 iterum
445 2965 525 3028 aliud
541 2975 656 3048 tempus
671 2968 751 3030 Deus
765 2966 922 3042 constituit,
938 2966 1042 3040 Hodie,
1064 2984 1115 3049 per
1131 2966 1275 3030 Davidem

109 3075 226 3158 psalmo
241 3074 362 3138 laudato
377 3082 444 3155 post
463 3083 577 3136 tantum
600 3072 738 3154 temporis
759 3073 887 3156 spatium
902 3074 1023 3146 locutus,
1045 3083 1078 3136 ut
1099 3075 1188 3156 paulo
1209 3081 1277 3136 anta

105 3189 364 3247 commemoratum
388 3189 446 3244 est:
471 3179 556 3244 bodie
580 3181 605 3242 si
629 3199 729 3244 vocem
755 3180 816 3242 eius
840 3179 996 3254 audieritis,
1022 3180 1112 3244 nolite
1135 3182 1277 3244 obdurare

104 3291 192 3354 corda
205 3296 312 3350 vestra.
343 3288 423 3350 Nam
438 3286 462 3349 si
477 3288 570 3350 Josua
586 3286 737 3350 israelitas
752 3289 790 3350 ad
805 3279 905 3350 v‘eram
920 3287 1047 3368 quietem
1063 3296 1092 3350 et
1107 3287 1275 3352 felicitatem

105 3393 297 3479 perduxisset,
313 3413 369 3457 non
385 3393 581 3458 constituisset
596 3396 675 3458 Deus
691 3412 742 3475 per
757 3394 900 3458 Davidem
915 3403 998 3458 tanto
1021 3394 1160 3477 temporis
1181 3393 1277 3476 spatio

104 3502 214 3584 elapso,
223 3519 289 3564 cum
298 3500 357 3562 iarn
366 3501 476 3564 dudum
484 3501 637 3564 Israelitae
646 3499 845 3564 Palaestinam
855 3510 1051 3584 occupassent,
1061 3501 1143 3564 aliud
1153 3510 1276 3583 tempus,

104 3628 163 3692 quo
177 3606 354 3672 consecuturi
370 3615 465 3672 essent
480 3607 606 3690 quietem
624 3607 677 3670 Dei
701 3609 855 3673 credentes.
887 3607 1027 3689 Superest
1048 3607 1136 3690 igitur
1158 3609 1276 3672 creden-

106 3716 187 3780 tibus
202 3714 362 3777 laetissima
377 3714 475 3794 qnies;
499 3731 613 3796 sperare
636 3723 757 3796 possunt
779 3713 948 3778 felicitatem
969 3717 1105 3790 futuram,
1130 3733 1275 3778 summam

105 3840 230 3903 eamque
245 3829 423 3902 perpetuam.
454 3822 489 3882 In
505 3840 594 3902 quam
609 3820 770 3902 quicunque
786 3821 875 3884 semel
897 3820 1040 3902 ingressus
1062 3832 1114 3894 est,
1135 3823 1175 3884 ab
1198 3821 1276 3884 omni

107 3930 210 3992 labore
233 3927 262 3990 in
285 3934 434 3989 aeternum
457 3926 589 4008 quiescit,
611 3926 685 3990 sicut
705 3928 794 4000 Deus,
816 3929 884 3990 orbe
908 3926 1030 4000 condito,
1053 3911 1162 4009 quievit
1183 3948 1203 3989 a
1217 3925 1277 3989 suis

105 4034 250 4118 operibus.
291 4026 468 4096 Studeamus
491 4033 578 4114 igitur
601 4033 681 4096 illius
705 4032 852 4097 felicitatis
876 4033 1032 4114 participes
1056 4033 1125 4106 lieri,
1150 4053 1186 4094 nc
1210 4031 1276 4114 quis

104 4150 234 4206 nostmm
250 4149 367 4221 propter
382 4139 459 4202 idem
475 4139 672 4204 contumaciae
688 4139 864 4220 exemplum,
883 4159 940 4220 quo
955 4138 1106 4202 Israelitae
1121 4138 1275 4219 periemnt,

103 4247 206 4311 infelix
222 4248 338 4309 evadat.
368 4245 498 4308 Effatum
513 4246 589 4308 enim
599 4247 655 4312 Dei
673 4245 812 4308 minantis
827 4255 962 4308 eventum
973 4245 1277 4320 habeteteffioaciam,¹

105 4352 305 4436 penetrantius
320 4361 364 4415 est
373 4352 476 4433 quovis
486 4352 605 4434 anticipi
614 4351 722 4435 gladio,
738 4351 875 4434 pertingit
885 4371 975 4433 usque
991 4353 1030 4414 ad
1039 4351 1277 4415 intimabominis
