3072 4882
207 324 269 389 136
612 322 737 387 manua
755 320 828 372 vm.
859 320 897 370 ιο,
922 320 961 371 ra.

205 499 316 562 nonnisi
332 497 464 562 edicitur:
481 501 510 561 vi
527 499 737 564 immutationis
756 511 785 562 et
800 501 1036 564 sanctificationis
1060 501 1224 566 animarum
1247 521 1297 585 per
1312 504 1382 585 spi-

206 607 294 669 ritum
310 607 364 668 Dei
380 607 571 687 cognitionem
589 607 658 689 legis
674 609 790 671 divinae
805 608 1001 670 illuminatam
1017 610 1046 670 in
1062 609 1196 670 cordibus
1211 609 1382 672 sanctifica-

204 727 301 778 torum
325 735 386 776 esse
409 717 575 777 adlirturam
601 713 662 799 (cl'r.
680 716 700 780 l.
718 715 766 776 Jo.
790 717 830 780 ll.
856 717 905 780 20.
924 712 1000 799 27).
1030 714 1203 777 illuminata
1216 717 1288 778 lraec
1305 717 1381 796 legis

205 820 320 883 divinae
335 821 459 902 cognitio
475 831 585 884 rectum
601 822 725 884 huminis
741 821 859 884 interius
869 822 998 909 renovati
1015 841 1131 883 sensnm
1147 822 1223 884 ultro
1238 823 1378 903 sequitur.

208 927 301 988 Verus
327 926 404 990 enim
427 938 456 990 ct
478 939 571 990 rectus
593 946 687 991 return
709 929 872 990 divinarum
895 929 1058 990 intellectus
1081 950 1137 990 trun
1161 931 1381 1010 perhumanus

205 1035 365 1116 magistros,
382 1036 431 1096 secl
447 1034 559 1097 nonnisi
570 1051 620 1116 per
631 1037 724 1098 Deum
734 1035 828 1116 ipsum
839 1035 913 1097 ellici
920 1045 1025 1116 potest.
1043 1033 1282 1118 &Augustinus
1292 1035 1379 1098 dicit:

206 1140 335 1216 ,Sonus
351 1145 517 1206 vatorum
533 1152 716 1206 ιοοοιιονιιιιι
740 1165 835 1206 ocrea
857 1145 1002 1226 percutit,
1026 1144 1178 1223 mopsister
1198 1145 1286 1206 intas
1308 1151 1356 1205 cst
1366 1162 1379 1214 ,·

203 1246 298 1312 nolite
311 1257 434 1330 pretore,
450 1268 637 1330 quanquam
653 1250 809 1312 hominem
825 1247 949 1328 aliquid
964 1249 1081 1312 discere
1098 1251 1137 1312 ab
1154 1245 1217 1313 clio
1234 1249 1378 1313 homine:

204 1355 371 1417 admonere
384 1377 554 1438 possamus
566 1377 624 1439 per·
641 1359 807 1440 strepitum
832 1357 914 1418 cocis
933 1364 1079 1428 nostrum
1102 1358 1131 1418 ei
1152 1377 1215 1418 non
1230 1358 1273 1420 sit
1288 1359 1379 1420 intus

205 1463 259 1542 qui
274 1461 389 1538 doceat,
405 1464 514 1526 inania
523 1463 564 1545 fit
578 1465 732 1546 strepitus
747 1470 883 1526 noctm‘t
931 1461 978 1524 Sic
1000 1463 1088 1524 etiam
1108 1463 1245 1527 Thomas
1261 1463 1377 1545 Kcmp.

204 1569 298 1630 Deum
315 1567 456 1630 dicentem
471 1569 629 1652 adducit(l.
643 1570 695 1631 llI.
706 1590 727 1632 ο.
739 1568 823 1652 43.);
842 1569 935 1652 ,Epo
953 1591 1033 1643 sum,
1050 1571 1104 1650 qni
1114 1571 1204 1634 doceo
1220 1569 1379 1633 hominem

203 1676 367 1740 scientiam
389 1684 418 1739 el
440 1675 608 1740 cleriorum
642 1673 883 1760 intelligentiam
904 1675 1051 1758 paruulis
1075 1678 1189 1751 miluo,
1214 1695 1309 1757 quom
1334 1680 1378 1739 ab

203 1782 327 1846 tomice
340 1791 440 1866 potest
455 1783 566 1850 doceri,
601 1781 661 1845 oct
678 1804 730 1864 epo
747 1782 867 1862 loquor,
883 1783 941 1846 cilo
959 1786 1085 1864 sapiens
1101 1785 1191 1847 cril‘.

292 1909 319 1949 v.
340 1891 387 1954 12.
399 1885 470 1956 Ὅτι
482 1887 577 1963 ’ἵλεως
593 1890 700 1976 ἔσομαι
715 1900 780 1963 ταῖς
796 1888 925 1964 ἀδικίαις
942 1886 1046 1962 αὐτῶν,
1069 1894 1121 1956 καὶ
1143 1902 1199 1955 τῶν
1223 1888 1379 1977 ἁμαρτιῶν

204 1992 308 2069 αὐτῶν,
326 2001 378 2061 καὶ
393 2008 452 2063 τῶν
467 1997 597 2082 ἀνομιῶν
613 1993 708 2062 αὐτῶν
727 1994 761 2060 nir
780 2002 822 2084 μὴ
840 1999 968 2083 μνησθῶ
985 1995 1036 2060 ἔτι.
1054 2030 1095 2043 -
1121 1997 1209 2058 Ratio
1235 1996 1281 2058 hic
1303 1999 1368 2058 sub·

204 2101 305 2175 licitur,
321 2121 370 2164 cur
385 2104 514 2165 futurum
530 2103 576 2174 sit,
595 2113 626 2164 ut
651 2123 750 2164 omncs
769 2105 862 2164 Deum
885 2111 1066 2183 cognoscant,
1089 2103 1187 2164 colunt
1208 2112 1319 2165 etcum
1342 2125 1379 2164 eu

205 2208 357 2283 uniantur;
374 2209 443 2290 qnia
460 2210 594 2270 nimirum
612 2211 745 2272 Christus
762 2221 852 2272 morte
869 2229 922 2271 sua
933 2209 1049 2290 plenam
1067 2219 1248 2290 peccatorum
1260 2209 1378 2271 veniam

205 2315 328 2393 plorabit.
360 2313 465 2378 Gratia
481 2318 559 2377 enim
576 2317 677 2378 vernias
694 2317 852 2378 necessaria
868 2327 912 2378 est
928 2326 958 2378 et
975 2317 1093 2397 praevia
1109 2316 1233 2380 conditio
1248 2329 1378 2378 veraeet

205 2423 346 2502 perfectae
362 2441 426 2486 oum
443 2424 504 2486 Deo
523 2422 640 2486 unionis.
662 2420 757 2496 ἵλεως
773 2423 859 2484 attice
870 2440 921 2502 pro
930 2420 1033 2498 ἵλαος,
1049 2433 1093 2483 est
1110 2423 1218 2497 lrilaris,
1235 2423 1379 2504 placidus,

205 2529 363 2609 propitius;
390 2533 494 2591 ultima
517 2529 687 2610 significatio
712 2532 738 2590 h.
757 2530 773 2594 l.
798 2529 916 2590 obtinet.
949 2529 1219 2594 verumetiam
1245 2530 1379 2617 ἀνομιῶν

205 2632 300 2702 αὐτῶν
318 2657 409 2718 neque
425 2638 455 2699 in
470 2647 553 2700 textu
572 2637 713 2709 hebraico,
730 2657 821 2717 neque
835 2636 1002 2698 inversione
1013 2637 1215 2698 Alexandrina
1234 2637 1379 2716 leguntur.

292 2764 319 2803 v.
341 2746 388 2811 13.
406 2741 458 2811 Ἐν
475 2757 515 2830 τῷ
532 2747 627 2827 λέγειν
644 2750 757 2832 καινὴν,
774 2745 969 2808 osculationis
985 2748 1038 2831 τὴν
1054 2748 1184 2829 πρώτην·
1215 2748 1248 2807 τὸ
1266 2746 1298 2807 δὲ
1314 2765 1377 2808 ποι-

205 2853 383 2938 λαιοὺμονον
407 2857 459 2918 καὶ
482 2859 635 2938 νηράοοιον
659 2850 747 2932 ἐγγὺς
771 2850 948 2938 ἀφανισμοῦ.
971 2886 1013 2894 -
1030 2850 1094 2914 Ηοο
1118 2868 1202 2911 versu
1224 2852 1379 2929 apostulus

205 2956 363 3029 consilium,
380 2979 436 3037 qno
453 2958 547 3020 lucum
563 2957 720 3021 Jernnice
735 2957 884 3038 allegavit,
907 2956 1091 3030 manifestam
1114 2976 1144 3018 se
1168 2955 1304 3018 nimirum
1321 2958 1380 3019 hoc

207 3064 267 3125 luco
295 3065 416 3142 probare
439 3064 524 3137 velle,
545 3064 744 3145 imperfectam
767 3063 854 3124 luisse
884 3063 1049 3144 religionem
1073 3061 1224 3136 iudaicam,
1246 3065 1379 3142 adeoque

206 3171 299 3230 Deum
317 3171 343 3231 ei
361 3171 489 3234 sufficere
505 3170 630 3240 voluisse
653 3169 752 3242 aliarn,
776 3189 878 3250 nempe
898 3169 1063 3250 religionem
1086 3169 1284 3234 christianam.
1316 3191 1379 3234 πα-

206 3278 310 3340 lutose
328 3287 425 3337 nutat:
443 3277 636 3340 inveteratum
651 3278 783 3352 reddere;
800 3278 827 3337 h.
846 3277 863 3337 l.
880 3276 1072 3338 inveteratum
1088 3275 1241 3338 declarare.
1273 3276 1391 3337 Verba·

206 3381 291 3455 enirn,
307 3401 381 3462 quae
398 3382 540 3445 notionem
558 3383 693 3456 indicant,
710 3402 796 3463 saepe
812 3384 847 3444 de
863 3381 984 3446 untionis
1000 3382 1205 3444 acceleratione
1221 3393 1379 3462 ponuntur.

266 3495 428 3578 γηράσκειν
445 3508 495 3571 per·
513 3491 714 3570 metaphoram
731 3491 767 3551 de
782 3489 916 3552 omnibus
926 3490 1011 3551 rebus
1028 3499 1190 3568 usurpatur,
1207 3509 1282 3570 quae
1297 3489 1380 3551 senio

206 3597 401 3662 coniiciuntur.
420 3633 457 3641 -
478 3595 648 3684 ἀφανισμός
663 3596 859 3666 abolitionem,
877 3595 1024 3657 interitum
1040 3597 1167 3657 denotat,
1183 3631 1226 3642 «-
1242 3595 1380 3676 Aposto-

206 3704 252 3766 lus
268 3703 309 3767 sic
324 3703 525 3767 ratiocinatur:
542 3703 762 3766 Testamentum
779 3704 933 3764 secundum
950 3701 1052 3764 dicitur
1068 3721 1189 3775 novum;
1203 3720 1280 3783 ergo
1296 3702 1379 3783 prius

206 3820 251 3872 est
265 3821 367 3888 vetus3
390 3829 473 3892 porro
490 3812 566 3890 qnod
582 3819 667 3871 vetus
683 3819 735 3882 est,
758 3810 787 3870 in
809 3809 870 3871 dies
893 3808 985 3890 magis
1007 3808 1156 3890 magisque
1178 3807 1334 3872 veterascit
1347 3819 1380 3872 et

207 3917 253 4001 (nt
268 3918 297 3981 in
314 3914 494 4002 hominibus)
511 3917 649 3992 senescit;
673 3917 750 3998 quod
765 3925 863 3977 entem
880 3914 1033 3977 veterascit
1055 3925 1107 3976 aut
1122 3915 1252 3988 senescit,
1275 3917 1313 3977 ad
1329 3909 1379 3978 in'-

206 4023 324 4087 teritum
347 4034 376 4086 et
399 4033 521 4086 mortem
547 4031 692 4103 properat.
726 4024 771 4084 Ex
795 4042 852 4102 quo
877 4021 1104 4084 concludendum
1128 4020 1273 4102 relinquit,
1296 4022 1379 4103 prius

207 4139 414 4193 testamentum
431 4132 549 4192 tandem
565 4129 698 4192 debuisse
714 4127 798 4202 liniri,
813 4137 901 4209 atque
917 4127 946 4190 in
963 4126 1142 4209 plenitudine
1157 4126 1303 4208 temporis,
1321 4109 1338 4190 i.
1351 4149 1376 4189 e.

206 4237 335 4300 revelato
350 4237 523 4318 firmatoque
538 4255 589 4314 per
606 4233 755 4299 Christum
770 4253 845 4298 novo
861 4243 1045 4308 testamento,
1061 4235 1149 4296 linem
1164 4232 1316 4313 accepisse.
