3064 4894
339 333 463 401 mpsim
481 332 515 384 v.
535 333 561 385 e.
582 333 638 392 ro.;
657 314 812 398 prestrata
830 329 877 382 rv.
898 330 1001 384 rs-v.
1022 331 1063 381 ro.
1242 336 1285 398 93

115 519 267 600 σωτηρίας
289 512 419 590 αἰωνίου,
444 548 485 558 -
501 512 634 574 Verbum
657 514 850 577 τελειοῦσθαι
873 512 901 574 h.
924 511 943 574 l.
968 529 1024 572 non
1048 519 1092 570 est
1114 511 1286 574 sumendum

115 640 219 683 sensu:
235 630 327 684 morte
342 619 451 694 finitus,
467 621 518 680 sed
534 619 676 700 perfectus
692 616 828 689 redditus,
851 617 880 678 b.
896 637 921 684 e,
943 617 972 678 in
995 616 1107 678 coelum
1127 616 1286 689 exaltatus,

115 727 160 790 ita
174 736 208 789 nt
222 747 323 790 sensus
337 725 391 788 sit:
408 725 542 788 Christus
557 723 789 806 perpessionem
804 724 842 784 ad
858 722 979 803 gloriam
996 723 1137 784 adductus
1152 722 1286 785 omnibus

118 832 175 896 sibi
199 853 308 918 auoque
329 831 479 913 evangelio
504 831 685 894 credentibus
711 849 799 893 causa
824 839 853 891 et
874 840 974 892 auctor·
997 829 1092 891 sactus
1115 840 1160 890 est
1184 827 1288 891 salutis

117 947 254 1002 aeternae
269 937 422 1024 (Eetion).
457 976 467 982 -
498 935 585 1008 Quod
600 935 838 1018 significationem
853 935 934 997 verbi
956 936 1149 1000 τελειοῦσθαι
1172 934 1288 1008 attinet,

117 1045 186 1108 vide
200 1044 278 1108 dicta
292 1047 331 1108 ad
346 1065 409 1126 cap.
425 1046 464 1107 ll.
481 1064 508 1108 v.
528 1047 577 1110 10.
592 1078 637 1090 --
651 1043 717 1106 Hoc
730 1041 760 1104 in
776 1060 861 1104 versu
883 1041 993 1122 duplex
1015 1039 1157 1122 passionis
1179 1039 1288 1104 Christi

117 1155 227 1217 lrnotus
242 1151 435 1234 significatum
452 1151 543 1233 ipsius
561 1151 621 1214 scil.
638 1148 747 1212 Christi
762 1147 972 1212 consummatio
994 1169 1045 1210 seu
1069 1147 1243 1220 clarificatio,
1259 1157 1289 1210 et

121 1260 203 1322 salus
218 1268 327 1333 nostra,
341 1257 479 1340 quoniam
494 1257 587 1320 etsibi
597 1255 704 1320 meruit
718 1265 748 1318 et
757 1255 855 1330 nobis;
870 1255 926 1318 sibi
942 1254 1047 1317 meruit
1055 1255 1288 1318 clarificationem

119 1376 241 1428 naturae
256 1386 326 1428 suae
341 1365 488 1428 humanae
503 1363 564 1445 (cfr.
579 1365 604 1424 I.
622 1361 680 1448 3.);
696 1362 780 1425 nobis
794 1373 893 1424 autern
910 1363 1002 1424 factus
1018 1371 1063 1424 ost
1078 1361 1172 1436 αἴτιος
1188 1384 1288 1449 σωτη-

121 1477 188 1558 ρίας
204 1469 324 1539 αἰωνίου
341 1469 417 1556 (cap.
433 1473 472 1532 11.
487 1490 514 1532 ν.
528 1471 578 1536 10.
593 1479 726 1533 vocatur:
743 1469 882 1556 ἀρχηγὸς
897 1481 952 1556 τῆς
968 1474 1117 1555 σωτηρίας
1132 1467 1290 1559 sipon).-

121 1579 255 1642 Pbrasis:
273 1579 366 1644 αἴτιόν
381 1601 436 1646 τινι
450 1575 523 1644 εἶναι
538 1582 690 1664 σωτηρίας
715 1575 804 1638 etiam
826 1577 904 1656 apud
925 1575 1102 1654 Philomcc,
1119 1575 1290 1660 Joscpbam

120 1695 151 1748 et
165 1685 300 1749 classicos
314 1683 443 1750 occurrit

211 1785 653 1877 ν.10.αροεαηορσσθείςίνπὸ
675 1799 728 1856 cub
751 1789 828 1854 fison
851 1787 1012 1876 ἀρχιερεὺς
1032 1794 1112 1855 κατὰ
1134 1796 1187 1880 τὴν
1209 1793 1291 1868 τάξιν

122 1894 327 1985 Μελχισρδὲκ.
344 1934 387 1944 -
404 1895 513 1961 Verbis
537 1895 624 1958 huius
649 1912 748 1956 versus
772 1894 923 1976 apostolus
948 1894 1030 1956 dicit:
1056 1894 1205 1960 Christum
1229 1919 1291 1962 esse

123 2003 227 2067 salutis
242 2013 358 2066 nostrae
373 2012 519 2066 auctorem
541 2010 641 2083 utpote
663 2001 826 2082 pontificem
850 2003 889 2064 ad
910 2001 1052 2064 rationem
1068 2002 1291 2068 Melchisedechi

53 2189 58 2202 .
121 2112 218 2172 aDeo
233 2110 415 2190 appellatum
441 2109 481 2193 (v.
508 2107 550 2190 6.)
575 2110 703 2188 adeoque
729 2107 822 2169 multo
848 2107 1086 2188 praestantiorem
1107 2109 1292 2190 pontificibus
1321 2111 1325 2120 '

122 2217 308 2290 Judaeorurn,
333 2215 382 2296 qui
406 2215 551 2297 proprium
582 2215 751 2294 sanguinem
775 2233 859 2275 suuni
884 2215 946 2275 Deo
968 2215 1077 2276 obtulit
1107 2225 1292 2299 nostramque

122 2341 240 2386 causam
256 2321 335 2403 apud
350 2323 445 2383 Deum
468 2321 536 2404 agit.
576 2321 687 2383 Paulus
711 2322 765 2382 hoc
787 2320 893 2394 adiicit,
917 2331 979 2382 tum
1003 2333 1035 2382 ut
1059 2321 1191 2397 insinuet,
1215 2327 1292 2408 qnod

122 2429 198 2492 infra
214 2428 303 2492 latius
318 2429 501 2510 expositurus
516 2437 576 2504 est;
599 2427 660 2493 scil.
675 2448 735 2508 qua
750 2427 860 2492 ratione
876 2426 1009 2489 Christus
1031 2431 1126 2490 l'actus
1147 2429 1185 2491 sit
1210 2431 1293 2495 nobis

123 2556 212 2600 causa
227 2535 331 2598 salutis
347 2545 499 2610 aeternae;
516 2555 619 2615 nempe
635 2552 686 2615 per
700 2534 871 2597 sacrificium
886 2533 983 2624 crucis,
1007 2537 1084 2616 quod
1108 2545 1139 2596 ut
1161 2537 1292 2617 pontifex

124 2642 233 2705 obtulit
239 2663 248 2720 ;
271 2653 333 2704 tum
350 2651 383 2704 ut
400 2640 479 2703 viam
495 2651 619 2702 sternere
635 2641 694 2702 iarn
712 2641 840 2722 incipiat,
856 2640 1025 2722 animosque
1042 2642 1196 2721 legentium
1206 2661 1292 2724 prae·

123 2766 226 2831 parare
240 2749 279 2810 ad
294 2746 519 2830 disputationem
535 2748 570 2812 de
585 2747 744 2811 sacerdotio
759 2745 876 2810 Christi.

535 2907 883 2989 Paraphrasia.

506 3030 578 3114 Cap.
612 3035 667 3098 lV.
705 3032 829 3097 14-v.
867 3036 915 3098 10.

214 3173 289 3239 Cum
304 3193 369 3256 ergo
385 3176 546 3237 habeamus
561 3172 726 3256 pontificem
741 3173 849 3236 eximia
863 3174 1005 3257 dignitate
1027 3177 1221 3260 conspicuum,
1244 3181 1293 3261 qni

126 3281 294 3364 pertransiit
308 3281 402 3344 coelos
418 3301 508 3362 usque
529 3282 568 3342 ad
590 3282 687 3343 sedem
704 3280 866 3344 maiestatis
887 3280 1011 3355 divinae,
1033 3282 1209 3348 retineamus
1224 3303 1293 3368 pro-

126 3387 281 3451 fessionem
295 3397 424 3450 nostram
440 3387 457 3448 ί.
474 3409 498 3449 e.
514 3387 535 3449 J
536 3407 617 3450 esum
627 3407 772 3450 summum
783 3397 912 3452 nostrum
922 3388 1085 3470 pontificem
1103 3401 1131 3453 et
1147 3391 1294 3456 felicitatis

124 3504 240 3557 nostrae
255 3503 411 3568 auctorem,
426 3493 544 3576 eiusque
559 3493 725 3574 religionem
741 3503 906 3558 constanter
921 3496 1124 3578 profiteamur;
1139 3518 1197 3562 non
1217 3499 1295 3562 enim

128 3602 272 3664 habemus
287 3599 460 3682 pontificem,
477 3600 526 3682 qui
542 3600 672 3668 misereri
692 3621 749 3664 non
773 3602 866 3684 possit
887 3601 992 3666 nostris
1007 3603 1138 3677 miseriis,
1153 3606 1203 3668 sed
1219 3625 1295 3682 enm,

125 3707 175 3789 qul
190 3706 299 3789 pariter
313 3727 348 3770 ac
362 3727 414 3770 nos
428 3706 522 3770 omnis
537 3707 649 3788 generis
664 3708 744 3770 mala
760 3708 917 3790 pertulerit,
939 3719 1060 3792 excepto
1075 3721 1199 3792 peccato.
1229 3713 1295 3775 Ita·

127 3833 186 3895 que
200 3815 277 3877 bono
291 3814 389 3876 animo
404 3815 574 3878 accedamus
588 3815 626 3875 ad
642 3814 747 3876 solium
763 3815 882 3896 gratiae,
898 3826 931 3877 ut
945 3815 1168 3880 misericordiam
1182 3827 1213 3878 et
1226 3836 1295 3899 gra-

126 3920 200 3982 tiam
215 3921 399 3983 obtineamus
414 3923 452 3982 ad
468 3921 682 4002 impetrandum
698 3921 842 3985 auxilium
858 3933 988 4002 tempore
1002 3932 1172 4004 opportuno.

217 4025 321 4089 Omnis
336 4026 411 4088 enim
420 4027 551 4107 pontifex
566 4049 603 4090 ex
613 4027 896 4091 hominibuselectus
912 4029 1062 4092 bominum
1078 4049 1166 4090 carisa
1181 4039 1297 4111 propter

128 4133 240 4198 cultum
256 4133 386 4196 divinum
402 4133 592 4208 constituitur,
618 4144 651 4195 ut
672 4153 725 4216 pro
747 4134 859 4197 delictis
883 4137 960 4196 dona
983 4145 1012 4195 et
1034 4133 1172 4196 sacrificia
1187 4136 1296 4210 offerat,

126 4240 177 4321 qui
193 4239 350 4320 benignum
364 4259 427 4301 scae
443 4242 579 4320 praebere
595 4249 692 4322 potest
710 4240 911 4320 ignorantibus
926 4250 955 4302 et
970 4241 1142 4317 errantibus,
1158 4241 1175 4304 ί.
1192 4263 1215 4304 e.
1230 4263 1296 4306 om-

128 4347 213 4410 nibus
228 4345 345 4409 omnino
361 4346 566 4428 peccatoribus,
582 4367 647 4410 cum
664 4347 725 4429 ipse
742 4347 865 4453 peccatis
880 4348 919 4410 sit
934 4347 1090 4424 obnoxius3
1116 4359 1145 4410 et
1167 4351 1205 4413 ob
1221 4351 1297 4415 hano
