3096 4886
285 334 349 401 174
617 327 741 396 nesam
759 325 790 380 x.
809 323 869 384 sn:
893 327 1009 396 papus.
1028 327 1060 380 x.
1079 323 1195 383 ao-su

282 531 302 574 a
318 509 443 574 librariis
458 508 561 574 exilio
576 527 661 572 rersn
676 508 816 592 epistolae
831 511 869 571 ad
887 509 974 572 Rom.
990 507 1022 570 in
1031 517 1162 571 nostrum
1171 507 1269 570 locum
1278 506 1460 568 sentimus·

283 617 353 682 lata.
362 615 499 680 -Aller
509 616 587 680 locus
596 617 626 682 h.
636 615 655 678 l.
665 616 771 680 citatus
780 615 871 678 etiam
885 615 915 677 in
925 615 1040 696 psalmo
1049 615 1215 679 CXXXV.
1232 615 1283 680 14.
1293 613 1460 686 invenitur;

282 726 402 787 verbnm
417 728 527 809 κρίνειν
542 721 683 797 nonnulli,
698 721 788 784 etiarn
805 721 930 795 Eetion,
946 731 1080 784 vertunt:
1101 739 1219 783 cansam
1235 719 1339 801 populi
1357 737 1460 800 agere;

282 829 326 893 ita
340 840 374 893 ut
388 849 489 892 sensns
504 827 554 892 sit:
571 829 650 890 Deus
665 829 794 891 facturus
809 837 854 890 est
868 827 1005 892 indicium
1021 845 1073 910 pro
1087 827 1204 909 populo·
1219 846 1272 888 suo
1296 828 1334 887 da
1350 828 1460 888 adver-

281 935 378 1012 sariis3
394 936 487 1000 instas
502 955 611 1018 poenas
626 935 662 996 de
676 933 712 996 iis
727 943 876 996 sumturus
891 944 943 996 est
974 933 1033 997 Sed
1048 935 1118 1016 quia
1132 942 1234 996 auctor
1247 935 1284 994 de
1300 932 1459 1012 punitione

200 1105 205 1118 ,
280 1043 395 1108 illorum
411 1041 548 1124 loquitur,
564 1039 613 1122 qui
628 1059 647 1102 a
662 1039 798 1122 religione
813 1041 985 1115 defecerunt,
1001 1040 1153 1122 flagitante
1174 1041 1296 1121 proinde
1312 1047 1458 1100 contextu

280 1151 378 1232 potius
393 1147 580 1230 praeferenda
602 1155 646 1208 est
668 1145 854 1227 significatio:
877 1146 1011 1220 indicare,
1027 1147 1143 1228 pnnire;
1166 1146 1195 1208 in
1219 1147 1299 1208 hunc
1321 1165 1458 1206 sensum:

282 1257 361 1318 Deus
376 1253 405 1316 in
421 1253 528 1335 populo
543 1271 596 1316 suo
610 1251 794 1326 rebellantes,
810 1273 867 1326 eos,
883 1253 932 1334 qni
942 1251 1051 1314 Christi
1066 1251 1150 1333 signa
1164 1254 1311 1325 desemnt,
1328 1251 1460 1332 gravitm

279 1360 387 1442 puniet

371 1485 398 1530 v.
414 1465 466 1534 31.
483 1461 622 1550 Φοβερὸν
637 1469 671 1531 τὸ
687 1463 821 1553 ἐμπεσεῖν
837 1463 879 1539 εἰς
894 1475 1000 1552 χεῖρας
1015 1463 1094 1530 Θεοῦ
1110 1470 1228 1539 ζῶντος.
1244 1499 1288 1513 -·
1299 1463 1458 1527 Sententia

283 1571 454 1655 gravismma
469 1573 524 1636 hoo
544 1571 575 1634 in
599 1591 683 1634 versu
704 1581 866 1634 occurrente
889 1571 956 1634 finit
976 1591 999 1634 s.
1021 1579 1122 1634 aueter
1142 1589 1315 1645 sermonem,
1336 1569 1399 1652 buo
1421 1573 1457 1632 de

281 1687 481 1762 apostatarum
504 1677 609 1742 scelere
631 1697 666 1740 ac
688 1677 836 1760 punitione
864 1677 1006 1740 disseruit
1028 1683 1204 1752 -ζῶντος
1227 1697 1294 1740 cum
1318 1677 1455 1759 emphasi

277 1787 386 1850 dietum
402 1793 460 1860 ectr
478 1785 558 1848 Deus
573 1783 658 1858 anim,
674 1793 708 1845 ut
722 1801 837 1865 semper
851 1783 962 1858 vivens,
978 1793 1112 1846 aeternas
1134 1803 1243 1865 poenas
1265 1793 1371 1858 servat
1384 1803 1455 1864 pec-

278 1891 423 1957 catoribus
439 1899 505 1974 post
520 1899 650 1954 mortem.
669 1925 707 1938 -
727 1889 810 1952 Unde
832 1887 966 1952 Christus
988 1890 1057 1953 dicit
1077 1892 1141 1973 (Lo.
1156 1889 1229 1956 XII.
1245 1891 1276 1956 4.
1293 1887 1359 1975 5.):
1383 1889 1455 1966 ,Ne
1529 1925 1530 1934 κ

278 1999 462 2063 lassemini
479 1999 517 2060 uh
534 1998 592 2072 his,
608 1997 663 2078 qni
679 1997 824 2060 occidam
838 2017 959 2080 corpus,
976 2007 1091 2080 etpost
1103 1997 1452 2079 nonhnhentnmplt'us,
1529 2059 1530 2070 ,

277 2105 354 2186 qaid
366 2105 499 2186 fociant.
533 2103 741 2178 (limetecnm,
752 2105 807 2184 qui
819 2111 988 2186 postquam
998 2105 1152 2178 occiderit,
1168 2105 1453 2184 hubetpotcstotem
1529 2163 1530 2178 ,

275 2212 397 2274 mittere
412 2212 448 2273 in
461 2209 642 2293 pehennam.
675 2208 737 2288 Ito,
754 2210 822 2273 dico
838 2211 933 2288 vobis,
949 2211 1031 2274 hono
1047 2212 1179 2274 timete.‘

683 2440 1032 2523 Paraphrasis.

661 2579 733 2664 Cap.
763 2581 805 2646 X.
837 2601 885 2645 vv.
915 2584 1056 2650 26-31.

362 2724 394 2788 si
411 2724 488 2788 enim
503 2723 667 2788 voluntarie
682 2736 712 2786 et
726 2724 857 2788 consulto
872 2745 891 2786 a
908 2724 1043 2808 religiono
1059 2724 1254 2800 defecerimus,
1269 2725 1404 2806 persuasi
1414 2727 1448 2788 de

273 2832 395 2896 veritate
410 2841 440 2894 et
448 2833 619 2896 necessitate
628 2829 774 2911 religionis
782 2831 964 2904 christianae,
979 2831 1021 2894 nil
1030 2831 1114 2895 nobis
1129 2832 1255 2913 proderit
1269 2833 1444 2896 sacrificium

279 2937 398 3012 Christi,
414 2941 464 3002 scd
481 2939 622 3002 horrenda
631 2939 775 3021 quaedam
789 2937 884 3001 indicii
894 2938 1073 3020 exspectatio
1082 2938 1166 3002 nobis
1175 2950 1309 3021 superest
1323 2941 1446 3021 etignis,

277 3046 327 3128 qui
342 3047 575 3128 apprehensurus
590 3053 621 3108 et
635 3047 824 3108 devoraturus
845 3053 891 3108 est
911 3045 1056 3126 religionis
1078 3045 1186 3108 Christi
1208 3055 1404 3109 contemtores
1419 3057 1446 3108 et

274 3153 440 3215 desertores.
472 3151 505 3215 Si
520 3152 585 3234 qnis
599 3151 727 3215 reiecerit
747 3151 841 3232 legem
857 3152 977 3234 Moysis,
999 3155 1122 3216 duorum
1143 3153 1190 3215 vel
1213 3153 1302 3215 trium
1324 3153 1445 3216 testium
1528 3187 1529 3212 r

274 3259 361 3322 effato
376 3258 531 3335 convictus,
547 3257 607 3322 sine
622 3258 815 3322 misericordia
829 3258 901 3320 mori
916 3260 1018 3336 debet3
1033 3269 1152 3340 quanto,
1174 3259 1346 3340 vosmetipsi
1368 3260 1446 3322 indi-

275 3365 353 3446 oetis,
368 3365 504 3428 acerbiori
520 3359 615 3447 poena
638 3365 741 3447 dignus
756 3365 819 3439 erit,
840 3365 890 3446 qni
911 3364 1020 3428 Filium
1045 3366 1098 3426 Dei
1122 3365 1205 3447 quasi
1227 3365 1353 3447 pedibus
1375 3387 1444 3430 con·

271 3470 434 3546 culcarerit,
451 3482 481 3534 et
496 3471 665 3553 sanguinem
675 3471 792 3545 Christi,
809 3492 866 3552 quo
881 3471 980 3552 religio
990 3473 1167 3545 confirmata,
1183 3471 1289 3553 etipse
1305 3473 1443 3554 expiatus

272 3577 387 3641 veniam
404 3588 587 3661 peccatorum
609 3587 712 3641 nactus
736 3587 789 3652 est,
811 3598 869 3640 non
891 3577 1007 3640 maioris
1029 3579 1134 3652 fecerit,
1160 3598 1249 3660 qnam
1270 3580 1442 3660 sanguinem

270 3684 463 3768 cuiuscunque
478 3683 603 3748 hominis
617 3684 720 3747 merito
735 3684 888 3758 interemti,
911 3693 942 3746 et
958 3684 1084 3767 Spiritus
1106 3684 1196 3748 divini
1218 3686 1296 3748 dona
1318 3686 1442 3768 benigne

268 3793 380 3855 tributa
390 3792 593 3856 contumeliose
601 3791 913 3873 spreverithovimus
920 3791 996 3854 enim
1004 3811 1079 3865 eum,
1088 3790 1136 3873 qui
1145 3793 1217 3854 haec
1224 3791 1442 3872 pronuntiavit:

270 3900 339 3961 Mea
354 3907 399 3960 est
413 3899 551 3973 vindicta,
567 3919 619 3980 ego
635 3897 754 3960 iniurias
763 3898 898 3973 ulcisoar;
914 3907 944 3960 et
959 3898 1008 3980 qui
1018 3897 1120 3960 deinde
1130 3897 1343 3978 pronuntiavit:
1363 3901 1441 3963 Deus

269 4005 298 4066 in
313 4005 422 4086 populo
437 4025 489 4068 suo
504 4006 680 4068 rebellantes
696 4005 804 4088 puniet
837 4007 1018 4068 Horrendum
1029 4005 1204 4068 estincidero
1219 4003 1249 4066 in
1261 4013 1440 4085 potestatem

268 4111 323 4178 Dei
339 4111 464 4174 viventis
478 4121 509 4174 et
523 4111 586 4174 ideo
602 4112 632 4174 iu
647 4121 796 4175 aeternum
812 4111 966 4193 punientis.
