3096 4886
276 263 341 334 208
722 261 847 334 exposa
865 261 923 320 xu
944 264 985 320 n.

273 442 425 524 gnantiam
439 443 502 506 ab'
494 443 591 526 impiis
606 455 745 526 expertus
768 455 820 521 est,
840 467 876 509 ne
899 447 1096 530 defatigemini
1118 447 1338 512 calamitatibus
1353 447 1445 534 pressi

273 561 304 613 et
318 549 415 614 animo
430 551 578 614 deficiatis.
609 551 674 616 Vos
695 551 851 616 levioribus
866 555 962 616 adhuc
984 554 1071 617 malis
1092 555 1187 618 affecti
1209 558 1339 618 nondum
1355 576 1445 637 nsque

271 659 310 721 ad
325 659 473 740 sanguinis
488 658 655 721 effusionem
671 659 816 722 restitistis
825 661 963 722 adversus
978 660 1166 722 defectionem
1181 682 1200 722 a
1215 661 1353 743 religione
1368 661 1444 724 chri·

272 763 383 840 stiana;
400 775 429 828 et
445 785 514 828 num
530 764 614 827 obliti
630 764 700 826 estis
715 765 926 840 admonitionis,
942 787 1017 848 quae
1033 787 1085 828 vos
1100 776 1243 848 tanquam
1258 778 1354 829 mater
1370 768 1444 830 filios
1529 763 1530 768 ’

272 871 431 954 alloquitur
454 872 565 935 dicens:
587 871 645 933 Fili
661 871 710 946 mi,
731 871 791 933 noli
813 890 946 954 spernere
968 873 1187 954 castigationem
1201 873 1330 949 Domini,
1352 895 1445 956 neque

273 977 390 1041 delicias
404 976 511 1052 animo,
526 977 640 1060 quoties
654 979 694 1039 ab
710 997 743 1040 eo
759 977 900 1058 argueris;
916 999 1002 1060 quem
1012 979 1089 1041 enim
1105 979 1200 1061 diligit
1207 981 1362 1056 Dominus,
1377 1001 1443 1043 eum

270 1307 315 1360 est
330 1298 415 1372 lilius,
432 1318 517 1380 quem
528 1318 584 1360 non
594 1298 716 1379 castiget
730 1297 835 1378 pater?
859 1297 892 1359 si
903 1307 1002 1360 antem
1012 1298 1212 1380 castigationis
1220 1298 1290 1360 estis
1299 1309 1442 1380 expertes,

269 1405 350 1468 onius
365 1403 519 1487 participes
528 1414 596 1466 sunt
605 1423 713 1476 ornnes,
723 1403 829 1485 quibus
838 1405 918 1466 Deus
927 1406 1016 1479 favet,
1032 1404 1169 1488 sequitur,
1180 1425 1233 1467 vos
1245 1425 1308 1466 esse
1317 1405 1439 1486 spurios,

270 1531 327 1576 non
343 1511 427 1578 filios.
458 1509 532 1572 (lum
554 1529 637 1592 porro
659 1520 813 1592 parentum
835 1520 996 1573 nostrorum
1018 1510 1196 1572 naturalium
1220 1511 1439 1593 castigationem
1529 1521 1530 1526 ’

269 1618 380 1701 experti
396 1639 445 1682 ecs
459 1635 662 1690 reseraremur,
684 1637 778 1680 nonne
799 1617 893 1680 multo
915 1616 1008 1698 magis
1031 1637 1082 1679 nos
1102 1616 1289 1680 subiiciemns
1302 1619 1377 1693 Deo,
1392 1617 1439 1699 qui

268 1725 399 1788 animum
409 1735 539 1788 nostrum
549 1734 639 1797 curat,
649 1732 683 1784 ut
691 1725 857 1786 emendetur
866 1743 974 1805 nosque
983 1725 1022 1786 ad
1031 1725 1261 1806 consequendam
1269 1724 1439 1787 felicitatem

266 1851 421 1914 perennem
436 1831 595 1914 perducat?
626 1829 705 1890 Nam
721 1828 764 1891 illi
780 1829 896 1912 quidem
912 1850 964 1892 nos
979 1829 1106 1892 severius
1117 1839 1282 1894 tractarunt
1296 1833 1337 1893 ad
1354 1833 1438 1893 breve

267 1949 391 2022 tempus,
407 1947 493 2020 prout
515 1936 549 1998 iis
571 1936 734 2010 videbatur,
758 1945 788 1998 ct
809 1957 896 2018 saepe
918 1957 956 2000 ex
970 1955 1077 2012 errore;
1101 1937 1182 1999 Deus
1203 1955 1272 2000 vero
1295 1937 1388 2000 etiam
1402 1939 1438 1999 ad

265 2047 352 2107 breve
368 2044 454 2106 huius
469 2042 548 2105 vitae
563 2043 693 2124 spatium
708 2060 760 2125 pro
775 2063 829 2105 sua
844 2043 989 2125 sapientia
1004 2053 1035 2105 et
1049 2043 1181 2106 bonitate
1196 2064 1249 2106 nos
1264 2043 1438 2124 castigatad

265 2169 365 2213 veram
381 2150 538 2214 utilitatem
554 2158 692 2223 nostram,
707 2149 816 2212 scilicet
830 2159 864 2212 ut
878 2151 962 2212 nobis
976 2169 1061 2212 suam
1076 2149 1106 2212 in
1121 2151 1177 2212 hoc
1193 2152 1303 2212 mundo
1327 2151 1437 2214 sancti·
1529 2227 1530 2236 ἵ

265 2256 394 2320 moniam
409 2257 545 2329 conferat,
560 2264 589 2316 et
604 2255 634 2316 in
650 2258 745 2318 futuro
761 2276 844 2337 suam
859 2266 1007 2318 aeternam
1021 2255 1198 2352 felicitatem.
1224 2254 1334 2318 Omnia
1349 2258 1437 2329 mala,

265 2383 341 2448 quae
356 2365 436 2425 Deus
458 2361 598 2436 immittit,
621 2382 807 2444 quaecunque
829 2363 882 2424 illa
906 2362 973 2437 sint,
996 2361 1206 2444 inpraesentia
1228 2362 1357 2444 quidem,
1380 2363 1400 2430 i.
1415 2384 1437 2426 e.

263 2470 403 2554 quamdiu
418 2468 604 2542 sustinentur,
630 2487 687 2530 non
703 2468 840 2542 laetitiae,
862 2471 912 2531 sed
932 2468 1038 2531 doloris
1059 2489 1122 2530 csse
1142 2468 1295 2546 videntur;
1317 2471 1437 2531 tandem
1529 2503 1530 2540 1

262 2597 330 2666 vero
346 2577 391 2650 iis,
407 2575 457 2659 qui
472 2593 524 2657 per
538 2595 574 2636 ea
589 2575 739 2637 exercitati
754 2586 831 2650 sunt,
847 2577 988 2660 praebent
1002 2577 1128 2638 fructum
1142 2575 1306 2656 pacificum,
1329 2573 1437 2639 scilicet

262 2685 456 2747 sanctitatem.
488 2679 682 2764 Quapropter,
692 2691 830 2744 cnmtam
842 2681 1002 2744 salutarem
1011 2683 1136 2744 fructum
1146 2682 1291 2744 malorum
1300 2681 1436 2744 toleratio
1529 2671 1530 2674 ¹

263 2791 385 2872 fideiqne
400 2789 564 2852 constantia
579 2787 683 2868 pariat,
706 2808 828 2851 excussa
849 2789 987 2862 socordia,
1008 2788 1143 2850 remissas
1166 2808 1271 2850 manus
1286 2798 1318 2850 et
1339 2789 1436 2851 soluta

263 2917 356 2977 genua
372 2897 480 2977 erigite,
495 2906 525 2958 et
540 2904 618 2956 recta
632 2895 683 2956 via
697 2904 850 2979 properate
864 2897 904 2958 ad
919 2905 1037 2964 metam,
1053 2915 1089 2956 ne
1104 2893 1169 2976 quis
1179 2895 1236 2957 hnc
1251 2904 1282 2956 et
1295 2895 1370 2958 illuc
1384 2897 1435 2956 de·

264 3003 381 3064 flectens
397 3004 535 3091 'aberrct3
558 3001 695 3083 quinimo,
717 3002 742 3064 si
763 3002 828 3085 quis
848 3001 1035 3075 aberraverit,
1056 3011 1153 3064 vestro
1174 3001 1311 3082 exemplo
1330 3010 1361 3063 et
1382 3021 1435 3063 ex·
1529 3055 1530 3084 ,

264 3109 428 3172 hortatione
442 3117 599 3190 reparetur.

764 3257 875 3316 Sestio
898 3257 928 3315 6.

261 3391 548 3457 Conservationi
564 3393 669 3475 pacis
689 3415 731 3459 ac
752 3393 1033 3457 sanctimoniae
1048 3403 1105 3458 est
1121 3393 1367 3469 studendum,
1381 3393 1433 3456 id·

262 3521 337 3583 que
353 3520 393 3563 ao
408 3499 630 3582 magiaoum
645 3501 827 3564 novaDei
842 3500 1207 3563 institutamultnm
1228 3511 1434 3582 praestent

755 3607 935 3688 antiquis

632 3713 705 3796 Oap.
735 3714 807 3776 XIL
836 3733 885 3782 vv.
917 3715 1056 3780 14-24.

349 3877 376 3920 v.
396 3859 443 3923 14.
462 3855 592 3948 Εἰρήνην
609 3857 731 3922 διώκετε
746 3859 822 3943 μετὰ
837 3862 954 3922 πάντων
969 3860 1022 3920 καὶ
1037 3861 1087 3920 τὸν
1102 3853 1261 3944 ἁγιασμὸν,
1284 3855 1323 3924 οὗ
1338 3863 1433 3946 χωρὶς

259 3962 355 4039 οὐδεὶς
371 3964 474 4052 ὄψεται
490 3969 539 4029 τὸν
556 3968 669 4049 scriptor,
685 4001 728 4009 —
744 3959 829 4032 Quae
844 3983 920 4024 nnnc
934 3963 1065 4045 sequitur
1079 3958 1241 4025 admonitio
1256 3965 1372 4046 optimc
1386 3986 1434 4028 co-

260 4073 360 4134 haeret
376 4090 442 4133 cum
457 4071 587 4151 proxime
603 4089 771 4151 praegressa
786 4071 824 4131 ad
846 4071 1040 4132 constantiam
1062 4069 1270 4133 cohortatione.
1303 4073 1434 4134 Multum

258 4179 335 4239 enim
351 4179 516 4240 conferebat
531 4178 570 4238 ad
584 4175 828 4256 perseverantiam
844 4177 875 4238 in
889 4176 1034 4258 religionis
1053 4177 1231 4259 professione
1246 4177 1332 4260 pacis
1346 4190 1433 4260 atque

257 4283 466 4344 sanctimoniae
476 4281 615 4348 studium.
644 4279 743 4351 Quare
752 4283 903 4366 apostolus
917 4283 1037 4347 lectores
1046 4303 1113 4346 snos
1122 4285 1273 4359 admonet,
1288 4295 1324 4348 ut
1333 4305 1433 4372 pacem

162 1067 167 1076 ’
274 1084 361 1148 huius
376 1085 455 1147 vitae
471 1083 557 1146 malis
572 1083 702 1165 corripit,
718 1093 748 1146 et
763 1104 996 1166 unumquemque
1011 1085 1112 1159 tilium,
1128 1086 1256 1148 cuibene
1270 1086 1362 1168 cupit,
1378 1105 1443 1148 ver·
1529 1111 1530 1134 r

271 1193 363 1259 berat.
393 1191 426 1254 Si
441 1189 659 1272 castigationem
674 1189 831 1266 sustinetis,
847 1191 927 1254 Deus
942 1212 995 1254 vos
1010 1201 1044 1254 ut
1059 1192 1133 1254 filios
1149 1201 1274 1268 tractat;
1299 1193 1352 1256 ubi
1366 1193 1443 1254 enim
1529 1239 1530 1276 ,
