3064 4894
506 300 664 361 Per-primu
684 299 742 350 vn.
764 297 875 348 llffl28.

515 511 864 593 Paraphrasis.

479 653 551 737 Gap.
584 653 653 716 vll.
682 674 732 724 vv,
764 655 902 720 11-28,

130 819 133 824 ·
198 793 309 865 Quodsi
325 795 412 876 igitur
428 805 511 856 uetus
527 795 718 857 sacerdotium
734 795 912 858 Aaronicum
936 797 1066 858 habebat
1089 797 1148 858 vim
1171 798 1276 860 iustili-

108 903 193 964 candi
208 902 348 974 homines,
365 903 499 964 salvandi
514 911 545 963 et
559 905 596 963 ad
612 902 780 965 felicitatem
793 903 973 984 perducendi,
982 905 1111 966 maxime
1126 906 1277 968 accedente

108 1011 187 1089 [ege
202 1009 322 1089 Moysis,
339 1029 413 1090 qnae
430 1028 567 1070 unacum
584 1009 635 1070 illo
657 1011 728 1070 data
744 1019 796 1081 est,
819 1010 888 1089 quid
911 1009 1038 1090 amplius
1060 1030 1133 1091 opus
1154 1011 1218 1084 ruit,
1240 1031 1277 1072 ex

108 1115 178 1188 alia,
193 1135 250 1176 non
267 1115 406 1188 levitica,
422 1115 499 1177 tribu
515 1116 617 1178 exoriri
634 1115 807 1197 pontificem,
823 1116 883 1181 soil.
900 1115 1058 1189 Christum,
1082 1117 1162 1180 cuius
1178 1137 1275 1180 sacer-

107 1222 219 1284 dotium
237 1243 293 1283 non
310 1233 355 1284 est
370 1225 406 1284 ad
423 1222 565 1284 rationem
581 1223 715 1295 Aarcnis,
738 1225 787 1284 sed
811 1226 848 1285 ad
873 1223 1013 1285 rabonem
1029 1224 1275 1288 Melchisedechi?

108 1330 226 1390 Mutato
241 1328 317 1390 enirn
333 1329 492 1393 sacerdotio
508 1349 621 1391 necesse
637 1339 689 1402 est,
706 1338 739 1390 ut
754 1330 841 1392 etiam
860 1330 930 1410 legis
947 1351 1004 1392 uua
1020 1351 1084 1394 curn
1110 1333 1165 1394 hoc
1179 1349 1275 1394 sacer-

108 1435 187 1498 dotio
202 1436 289 1498 datae
305 1436 429 1499 mutatio
451 1437 511 1498 liat.
550 1438 594 1498 De
616 1457 673 1517 quo
693 1437 767 1498 enim
792 1437 902 1506 dicitur,
927 1440 1002 1517 quod
1026 1438 1064 1498 sit
1086 1441 1219 1500 sacerdos
1241 1440 1278 1501 ad

109 1543 250 1606 rationem
267 1543 500 1616 Melchisedechi,
516 1544 542 1605 is
557 1546 594 1605 ad
611 1543 700 1604 aliam
718 1543 842 1625 pertinet
858 1544 974 1616 tribum,
997 1564 1033 1606 ex
1049 1565 1107 1624 qua
1123 1565 1207 1608 nemo
1223 1566 1279 1608 un-

110 1670 198 1731 quam
214 1667 333 1732 operam
352 1651 473 1712 navavit
488 1651 583 1712 altari.
614 1649 736 1713 constan
757 1650 833 1713 enirn
850 1651 1007 1713 Dominum
1030 1661 1160 1714 nostrum
1183 1661 1278 1714 ortum

110 1778 209 1818 essee
233 1757 308 1818 tribu
332 1756 420 1830 Juda,
443 1756 488 1820 cui
515 1759 632 1837 Moyses
654 1757 844 1820 sacerdotium
868 1777 923 1818 non
946 1757 1088 1821 attribuit.
1126 1759 1277 1820 Praeterea

111 1873 224 1927 mutato
252 1864 410 1926 sacerdotio
431 1863 562 1926 Levitico
591 1863 678 1924 etiam
711 1865 802 1944 legem
825 1863 984 1926 Mosaicam
1008 1863 1194 1926 immutatam
1218 1886 1279 1926 esse

113 1972 204 2033 multo
219 1971 325 2036 clarius
341 1971 407 2032 inde
423 1981 513 2053 patet,
529 1971 665 2053 quoniam
682 1971 758 2032 alius
780 1970 881 2032 existit
901 1972 1033 2032 sacerdos
1050 1970 1279 2034 Melchisedechn

112 2078 221 2150 similis,
238 2076 287 2157 qui
304 2097 361 2139 non
377 2079 533 2140 seeundum
557 2078 649 2158 legem
672 2077 796 2140 carnalis
820 2077 1005 2142 successionis
1028 2087 1140 2140 creatus
1161 2077 1209 2150 sit,
1231 2079 1279 2139 sed
1334 2149 1340 2162 Ι

111 2186 266 2246 secundum
290 2183 349 2246 vim
365 2184 444 2245 vitae
466 2183 647 2256 immortalis,
671 2184 721 2255 ita,
744 2195 776 2244 nt
801 2206 852 2246 nec
874 2184 1007 2265 cuiquam
1031 2185 1206 2254 successerit,
1231 2205 1281 2246 nec

112 2291 263 2354 successori
287 2292 336 2351 det
361 2291 462 2352 locum.
495 2290 628 2352 Christus
654 2290 729 2351 enim
757 2289 953 2352 testimonium
983 2292 1086 2352 habet:
1113 2301 1146 2354 tu
1170 2293 1206 2352 ad
1232 2310 1281 2352 ra-

112 2398 221 2462 tionem
254 2395 478 2460 Melchisedechi
514 2399 645 2458 sacerdos
675 2417 706 2458 es
739 2407 881 2459 aeternus.
932 2397 1128 2460 Sacerdotium
1165 2398 1281 2478 quidem

113 2504 273 2568 leviticum
290 2503 422 2576 reiicitur,
446 2503 513 2585 quia
529 2504 674 2585 impotens
699 2515 761 2565 erat
783 2507 822 2567 ad
845 2505 991 2567 bominem
1014 2505 1227 2568 iustificaudum
1252 2513 1283 2566 et

111 2611 344 2675 iustificationem
360 2611 469 2672 efficere
485 2631 542 2672 nnn
559 2619 674 2693 poterat¹
690 2609 817 2694 (nullum
833 2612 912 2674 enim
925 2610 1073 2673 homiuem
1088 2611 1137 2672 lex
1153 2610 1283 2674 Mosaios

110 2721 220 2781 iustum
237 2719 406 2780 asbestum
422 2719 537 2780 reddere
554 2715 676 2802 potnit);
692 2717 791 2798 religio
807 2737 874 2780 vero
884 2717 1077 2799 praestantior
1086 2717 1284 2790 introducitur,

111 2845 201 2906 quam
217 2823 240 2887 si
257 2824 469 2907 amplectimur,
484 2824 732 2887 reconciliabimur
754 2835 784 2885 et
807 2825 938 2887 uniemur
961 2845 1025 2886 cum
1043 2826 1112 2887 Deo.
1147 2825 1186 2888 Et
1208 2845 1283 2904 qua-

112 2943 198 2995 tenus
214 2932 301 2994 Jesus
317 2931 499 2994 iureiurando
515 2933 645 2994 sacerdos
667 2931 839 2994 constit-utus
862 2942 905 2992 est
927 2930 1045 3014 (etenim
1068 2929 1206 2994 Aarcnici
1228 2951 1285 2992 non

111 3040 282 3122 interposito
297 3037 459 3101 iuramento
474 3038 624 3121 pontifices
639 3038 788 3100 constituti
797 3047 866 3100 sunt
880 3040 979 3110 aDeo,
995 3037 1082 3100 Jesus
1092 3047 1189 3100 autem
1205 3037 1285 3100 iura-

114 3155 214 3211 mento
231 3146 400 3228 interposito
417 3163 468 3228 per
478 3147 579 3222 Deum,
597 3144 645 3226 qui
661 3147 697 3208 ad
713 3145 808 3228 ipsum
825 3145 936 3207 locutus
945 3154 1004 3205 est:
1020 3144 1121 3217 iuravi,
1137 3163 1285 3226 nunquam

114 3255 261 3316 decretum
278 3273 375 3314 meum
392 3254 530 3314 mutabo:
554 3261 586 3312 tn
603 3243 736 3314 aeternus
752 3273 782 3311 es
798 3253 929 3313 sacerdos
950 3253 988 3313 ad
1003 3251 1144 3314 rationem
1161 3248 1287 3314 Melchi-

113 3359 242 3440 sedechi)
267 3369 387 3421 eatenus
410 3356 529 3422 Novum
552 3359 783 3428 Testamentum,
806 3358 886 3420 cuius
912 3358 1053 3421 media-ter
1083 3368 1135 3430 est,
1158 3367 1289 3441 praestat

116 3467 217 3528 Veteri
234 3467 430 3528 Testamento.
463 3467 503 3526 nt
518 3467 680 3528 sacerdotes
702 3486 739 3526 ex
756 3465 865 3527 Aaroni
882 3464 971 3547 stirpe
987 3466 1084 3547 plnres
1106 3476 1197 3539 erant,
1213 3484 1287 3546 quo-

114 3574 194 3636 niam
211 3583 302 3636 morte
315 3572 555 3655 impediebantur,
565 3573 719 3653 quominus
734 3573 765 3634 in
774 3591 891 3634 munere
907 3593 959 3635 suo
969 3581 1184 3655 permanerent;
1202 3571 1288 3634 Obti-

114 3693 177 3742 stus
195 3689 303 3751 autem,
314 3681 449 3761 quomam
460 3696 573 3761 semper
584 3679 663 3752 vivit,
674 3677 857 3742 immutabile
870 3679 1169 3742 habetsacerdotium.
1193 3675 1288 3760 Prop-

17 3820 22 3830 =
115 3797 196 3849 terea
212 3786 301 3848 etiam
318 3785 482 3847 omnimode
498 3797 526 3848 et
543 3788 664 3867 perfecte
681 3786 795 3847 salvare
812 3795 908 3867 potest
923 3805 1031 3856 omnes,
1053 3785 1102 3866 qui
1124 3803 1175 3868 per
1190 3785 1287 3866 ipsum

117 3896 213 3956 Deum
228 3894 354 3967 adeunte
369 3903 412 3954 est
429 3895 560 3956 sacerdos
576 3911 689 3973 semper
711 3893 820 3962 vivens,
843 3901 877 3954 ut
899 3909 1012 3973 semper
1033 3909 1085 3972 pro
1106 3890 1189 3954 nobis
1212 3891 1289 3972 apud

117 4002 214 4062 Deum
230 3999 403 4081 interpellet.
435 3999 502 4060 Tali
519 3998 594 4061 enim
607 3998 740 4079 pontifice
754 3999 921 4078 egebamus,
938 4005 971 4056 ut
987 3996 1061 4057 salvi
1077 3998 1218 4068 fieremus,
1233 4016 1291 4060 non

117 4107 220 4187 quales
237 4115 321 4168 erant
336 4103 486 4187 pontifices
496 4104 628 4178 levitici,
644 4115 752 4176 sancto,
768 4104 917 4166 innocente
933 4087 1055 4186 sculpo,
1071 4102 1208 4168 vitiorum
1223 4102 1290 4165 labe

117 4223 247 4283 carente,
271 4223 420 4293 segregato
444 4213 484 4273 ab
499 4212 578 4274 omni
593 4212 714 4296 impuro,
740 4211 789 4292 qui
805 4227 894 4292 supra
909 4227 1008 4271 omnes
1030 4209 1124 4272 coelos
1148 4211 1292 4286 ascendit;

117 4320 167 4402 qui
184 4340 240 4383 non
261 4329 335 4398 eget,
351 4319 426 4380 sicut
441 4318 563 4381 Mosaici
580 4317 737 4399 pontifices,
753 4316 797 4400 pri
803 4334 884 4380 mum
900 4333 951 4397 pro
968 4314 1013 4378 sui
1038 4315 1104 4378 dein
1126 4334 1179 4398 pro
1193 4317 1294 4399 populi

172 4444 274 4493 rsus,
287 4445 453 4482 emt-au.
1116 4419 1133 4476 9
