3094 4892
542 331 581 382 De
598 332 728 382 lectoribus
746 331 872 398 epistolae.
1249 333 1291 398 29

215 509 274 573 Sed
289 511 405 573 ulterior
419 510 550 592 quaestio
558 508 655 583 oritur,
665 529 758 590 aquo,
774 510 890 590 quando
905 517 1003 590 etqua
1012 509 1068 570 lide
1077 509 1170 571 versio
1180 527 1291 590 graeca

126 637 202 698 quas
217 619 255 680 ad
271 635 323 679 nos
338 617 477 698 pervenit,
494 618 624 680 confecto
640 615 748 678 luerit?
763 613 921 678 Auctorem
930 615 993 677 eius
1007 615 1066 678 iam
1081 615 1193 698 antiqui
1208 616 1292 698 igno-

125 733 235 785 rarunt.
277 723 418 786 Nonnulli
442 733 516 786 teste
543 723 681 786 maesto
705 720 759 806 (H.
782 723 816 784 Ε.
841 723 895 783 ΙΠ.
919 718 984 804 38.)
1006 731 1147 802 putarunt
1168 724 1291 788 Discum

125 830 177 890 alii
193 847 260 892 vero
278 828 463 894 common
479 831 573 892 Rom.
592 828 746 909 epistolam
762 826 960 902 transtulisse;
977 827 1142 890 hinclibere
1157 831 1291 902 fatemur,

126 935 208 998 nullo
224 937 309 998 modo
330 937 441 998 definiri
464 955 556 1017 posse,
572 955 591 996 a
606 954 663 1016 qno
688 936 760 998 haec
781 934 874 996 versio
897 935 1026 996 conlecta
1048 935 1140 1000 inerit
1172 934 1290 998 Certum

127 1049 226 1103 autem
243 1050 296 1115 est,
312 1061 376 1103 eam
386 1041 459 1104 satis
467 1051 580 1103 mature
590 1042 763 1104 morantem
772 1039 874 1115 fuisse;
889 1059 958 1102 nam
974 1040 1004 1102 in
1019 1039 1132 1122 scriptis
1147 1041 1291 1122 antiquis-

124 1147 262 1209 simorum
272 1147 394 1209 Petrum
405 1147 576 1210 nominatim
589 1145 755 1210 Clementis
764 1147 867 1220 Rom,
883 1145 937 1208 loci
947 1165 984 1208 ex
995 1165 1030 1207 ea
1040 1146 1123 1227 petiti
1133 1158 1292 1214 occurrunt.

126 1255 190 1315 Iino
204 1273 269 1315 cum
279 1255 498 1336 Hieronymus
508 1253 577 1336 (cat.
588 1269 639 1315 sor.
649 1252 715 1314 eccl.
725 1273 749 1314 c.
764 1250 807 1334 io.)
823 1252 936 1326 referat,
944 1251 1071 1314 Paulum
1081 1252 1223 1315 Hebraeis
1238 1257 1292 1317 he·

126 1359 221 1422 braiee
228 1358 383 1440 scripsisse,
392 1371 425 1420 ut
432 1379 475 1432 aa,
484 1379 560 1439 quae
567 1359 733 1438 eloquenter
739 1346 1003 1438 scriptafuerantin
1011 1359 1144 1433 hebraeo,
1153 1360 1292 1442 eloquen-

125 1465 184 1526 tius
192 1473 372 1527 verterentur
379 1466 407 1526 in
417 1483 560 1546 graecum,
572 1475 601 1526 ot
611 1466 667 1526 hae
675 1463 786 1526 ratione
795 1463 944 1527 christiani
959 1483 996 1526 ex
1003 1465 1024 1526 J
1025 1464 1124 1528 udaeis
1138 1476 1221 1530 extra
1231 1468 1291 1530 Pa-

125 1570 281 1634 laestinum
288 1571 439 1652 epistolam
449 1572 541 1652 legere
547 1581 674 1652 possent,
681 1569 754 1632 satis
760 1569 931 1634 verosimilis
938 1570 1051 1634 videtur
1057 1571 1226 1647 coniectura,
1233 1575 1292 1637 ali·

124 1697 212 1759 quem
219 1677 374 1758 instigante
389 1687 505 1740 auctore
518 1665 613 1739 ¹etsub
629 1679 690 1738 eius
704 1675 794 1738 oculis
807 1677 885 1738 bunc
900 1677 1029 1740 laborem
1043 1677 1073 1738 in
1088 1697 1119 1740 se
1133 1681 1291 1760 suscepisse

67 1829 69 1836 .
123 1795 213 1864 atque
229 1783 387 1846 versionem
404 1803 463 1845 una
478 1803 542 1846 cnm
558 1783 738 1864 autographo
752 1782 840 1844 fuisse
855 1783 1030 1864 expeditam.
1045 1784 1086 1845 Et
1100 1783 1125 1844 si
1139 1787 1289 1865 apostolus

125 1901 239 1952 textum
254 1908 387 1971 graecum
396 1910 453 1952 non
462 1889 648 1952 obstantibus
656 1888 726 1952 locis
736 1889 775 1952 V.
785 1889 819 1950 Τ.
829 1909 867 1950 ex
876 1888 1079 1952 Alexandrina
1088 1890 1192 1963 citatis,
1201 1909 1290 1973 argu-

126 1996 353 2058 mentationibus
367 1997 433 2058 iude
449 1995 589 2070 formatis,
605 1994 847 2077 explicationibus
862 1994 1012 2058 nominum
1027 1996 1085 2058 fors
1103 1997 1218 2072 additis,
1234 2019 1290 2080 pa-

125 2103 295 2166 ronomasiis
303 2103 478 2184 quibusdam
488 2102 627 2166 adhibitis
636 2111 666 2164 et
675 2101 839 2183 graecismis
847 2101 994 2182 eleganter
1001 2102 1141 2165 admixtis
1150 2113 1291 2187 tanquam

125 2211 186 2272 suis
201 2209 334 2271 sensibus
348 2209 514 2290 plenissime
535 2211 754 2290 respondentem
776 2208 952 2290 approbavit
974 2209 1183 2293 lectoribusque
1204 2212 1290 2287 misit,

124 2317 225 2397 utique
241 2335 298 2379 non
314 2325 366 2390 est,
383 2326 415 2378 nt
430 2318 465 2378 de
481 2316 567 2378 huius
582 2325 680 2378 textus
697 2317 753 2377 lide
768 2315 954 2389 haesitemus,
971 2316 1141 2397 licetipsum
1156 2339 1220 2382 oum
1231 2321 1290 2383 ori-

123 2423 213 2504 ginali
229 2424 373 2484 aramaioo
388 2441 554 2503 comparare
570 2443 627 2485 non
641 2423 805 2503 possimns3
820 2422 937 2496 accedit,
953 2425 1029 2504 quod
1039 2424 1171 2504 epistola,
1186 2428 1222 2487 de
1231 2447 1290 2507 qua
1326 2479 1335 2496 ,

123 2529 276 2610 loquimur,
291 2530 320 2590 in
337 2529 401 2610 ipsa
416 2549 475 2609 qua
490 2538 605 2610 praesto
614 2539 658 2590 est
668 2528 767 2610 lingua
776 2531 815 2590 ab
823 2528 944 2593 ecclesia
958 2529 988 2591 in
997 2549 1135 2593 canonem
1152 2532 1289 2594 librorum

122 2657 160 2698 ss.
176 2644 292 2716 recepta
306 2645 358 2700 est

670 2773 695 2857 ἕ.
712 2779 741 2846 3.

236 2924 372 2990 Quibus
396 2924 585 2982 lectoribus
608 2925 692 2981 haec
716 2924 864 2994 epistola
886 2925 1043 2985 dedicate
1065 2927 1181 2987 merit.

213 3059 346 3141 Epistola
361 3060 433 3122 haec
447 3069 584 3122 consueta
598 3071 677 3122 caret
691 3059 877 3136 dedicatione,
892 3061 921 3124 in
937 3081 996 3144 qua
1010 3073 1111 3128 auctor
1125 3076 1155 3126 et
1170 3066 1289 3129 lectores

124 3165 315 3228 nominentur.
345 3165 489 3228 Attamen
504 3167 595 3228 habet
610 3166 823 3248 inscriptionem
838 3173 913 3254 πρὸς
929 3165 1098 3255 Ἑβραίους,
1121 3191 1209 3253 quam
1231 3193 1286 3236 non

123 3281 240 3334 tentum
255 3272 425 3353 superstites
440 3271 580 3334 exhibent
594 3272 703 3336 codices
718 3273 821 3354 graeei,
842 3277 893 3336 sed
915 3275 1004 3338 etiam
1027 3295 1126 3340 omnes
1141 3279 1287 3344 versiones

122 3377 253 3440 etmulti
269 3377 439 3459 scriptorum
460 3378 527 3442 eccl.
552 3377 737 3460 antiquorum
760 3379 802 3440 uti
818 3379 1015 3458 Pantaenus,
1032 3380 1172 3448 moena
1187 3386 1288 3464 Alea,

124 3483 375 3568 Olerysostomos,
399 3485 610 3548 Theodoretus
635 3493 662 3547 et
686 3488 905 3570 Hieronymus
929 3487 971 3549 ita
992 3498 1025 3550 ut
1047 3499 1172 3554 statuere
1196 3489 1288 3567 licea't,

122 3609 187 3652 eam
203 3611 293 3672 nsque
309 3593 347 3652 ad
362 3601 490 3653 aetatem
506 3589 696 3672 apostolicam
711 3591 879 3674 pertingere.

211 3698 245 3758 In
261 3697 299 3762 N.
306 3697 340 3758 T.
351 3691 488 3783 Ἑβραῖοι
497 3697 629 3760 dicuntur
641 3695 671 3781 1)
681 3697 703 3760 J
704 3699 787 3761 odaei
797 3709 927 3780 respectu
936 3702 1049 3784 patriae
1058 3703 1286 3766 Palaestineusls

123 3811 154 3864 et
169 3803 284 3883 linguae
299 3802 462 3866 aramaioae
485 3804 665 3878 vernaculae,
681 3813 710 3866 et
732 3807 771 3867 ab
793 3806 835 3868 eis
856 3807 1071 3889 distinguuntur
1093 3805 1287 3898 Ἑλληνισταί

124 3908 141 3970 i.
159 3929 183 3970 e.
199 3908 305 3971 Judaei
321 3909 411 3971 exteri
428 3928 527 3990 graece
542 3910 692 3990 loquentes
707 3910 786 3996 (Act.
803 3913 857 3974 Vl.
876 3913 934 3998 1.);
956 3912 991 4000 2)
1008 3915 1114 3978 Judaei
1129 3915 1287 3995 generatim

122 4013 234 4076 ratione
249 4015 353 4077 habita
368 4015 493 4077 nationis
517 4025 546 4077 et
561 4015 705 4098 religionis
729 4019 781 4101 (ΙΙ,
797 4017 861 4082 Oor.
877 4019 933 4081 Xl.
951 4021 1011 4094 22,
1027 4019 1104 4081 Phil.
1120 4021 1174 4081 ΙΙΙ.
1191 4019 1243 4105 lt),
1259 4033 1288 4082 et

121 4120 162 4182 eis
176 4131 361 4202 opponuntur
370 4117 533 4210 Ἕλληνες,
557 4123 784 4187 ethnici.-1n
806 4125 989 4206 inscriptione
1012 4125 1151 4207 epistolae
1173 4137 1288 4192 nostrae

121 4246 179 4290 non
204 4225 404 4310 intelligendos
426 4249 488 4290 esse
509 4230 638 4292 Judaeos
660 4230 828 4304 incredulos,
851 4233 902 4294 sed
925 4229 1105 4296 Christianos
1128 4253 1143 4294 e
1167 4233 1288 4298 Judaels

120 4351 280 4406 conversos,
303 4334 444 4415 epistolae
461 4347 663 4416 argumentum
680 4341 770 4404 docet.
808 4339 910 4420 Neque
931 4357 998 4402 vero
1021 4339 1141 4422 intelligi
1169 4353 1288 4423 possunt
