3096 4886
268 367 334 438 164
694 364 821 434 impositio
839 359 871 422 X.
891 360 1003 420 15-17.

266 550 321 612 tici
335 549 504 612 ememtes
519 545 762 612 imbecillitatem
777 549 1006 624 consummatio
1021 567 1086 611 ooo
1096 556 1174 626 erat,
1191 548 1334 631 oportuit
1341 541 1438 610 oliam

266 655 459 718 aculeum
481 655 652 718 aeneadum
674 655 816 717 ordinem
848 652 1072 718 Melchisedech
1093 674 1232 737 eurqere,
1258 655 1437 720 Dominam

265 769 412 826 nostrum
432 759 544 825 Jeeam
575 757 747 835 tamam
769 762 824 840 qui
851 769 955 842 posset
978 781 1093 835 omnes,
1115 769 1267 841 quotquot
1288 761 1433 841 eoactifie

265 867 362 932 candi
376 877 483 942 ecsmt,
499 876 770 942 cleonicumque,
786 874 816 929 ct
829 867 873 929 cd
882 867 1057 948 perfectam
1072 867 1258 930 adducere‘.

353 1029 382 1076 v.
401 1009 450 1076 lb.
466 1006 620 1095 Μαρτυρεῖ
642 1010 675 1074 δέ
690 1007 759 1096 ἡμῖν
782 1013 835 1073 καὶ
855 1011 888 1073 τὸ
911 1018 1026 1094 πνεῦμα
1048 1014 1082 1074 τὸ
1105 1005 1201 1090 ἅγιον.
1225 1005 1316 1073 Μετὰ
1332 1011 1392 1093 γὰρ
1408 1013 1438 1073 τὸ

265 1113 424 1204 εἰρηκέναι·
1341 1153 1344 1158 -

358 1258 386 1305 v.
404 1239 455 1304 16.
471 1235 594 1328 Αὖιηὴ
615 1239 760 1326 διαθήκη,
783 1240 820 1326 ἣν
843 1239 1032 1327 διαθήσομαι
1053 1243 1129 1324 πρὸς
1151 1233 1261 1312 αὐτοὺς
1285 1229 1364 1324 petel
1386 1242 1439 1311 τὰς

265 1345 382 1436 ἡμέρας
398 1343 522 1418 ἐκείνας,
538 1346 619 1427 λέγει
633 1349 745 1430 κέριος·
777 1345 877 1420 διδοὺς
901 1350 1011 1432 νόμους
1028 1368 1086 1432 pou
1109 1343 1157 1410 ἐπὶ
1180 1347 1308 1430 καρδίας
1334 1341 1440 1418 αὐτῶν,

270 1457 323 1518 καὶ
338 1450 386 1517 ἐπὶ
401 1457 455 1540 τὴν
470 1452 601 1517 διάνοιαν
616 1448 712 1517 αὐτῶν
728 1451 881 1538 ἐπιγράψω
898 1449 1016 1526 αὐτοὺς,

356 1595 592 1659 allectitiis
614 1591 766 1680 ἁραρτιιίιν
789 1589 885 1660 cister
908 1597 961 1658 καὶ
983 1606 1041 1659 τῶν
1062 1593 1193 1680 ἀνομιῶν
1216 1591 1314 1660 αὐτῶν
1341 1571 1378 1659 oi)
1398 1600 1437 1680 μὴ

268 1703 484 1790 μνησθήσομαι
500 1701 551 1767 ἔτι.
568 1735 611 1746 -
621 1698 689 1770 Quo
704 1700 809 1764 certius
823 1701 1006 1763 confirmaret
1015 1701 1164 1782 apostolus
1180 1702 1322 1763 hactenus
1338 1701 1440 1780 dispu-

265 1818 340 1881 tata,
356 1808 473 1870 unicum
487 1826 591 1888 nempe
607 1805 715 1869 Christi
730 1805 901 1869 sacrificium
916 1806 946 1868 in
956 1807 1165 1888 sempiternum
1174 1807 1315 1880 sufficere,
1329 1807 1440 1887 allegat

266 1912 474 1976 sensu-literali
490 1913 585 1975 locum
601 1911 758 1976 Jcremice
772 1912 1055 1980 rimer-34.
1071 1913 1130 1974 iam
1146 1914 1335 1994 supraVlH.
1352 1915 1438 1985 iles,

159 2101 161 2107 Ι
267 2021 320 2082 sed
334 2019 393 2082 alio
408 2018 449 2081 ibi
464 2018 583 2082 consilio
598 2019 760 2081 laudatum.
777 2055 819 2064 -
836 2017 985 2096 Particula
1005 2021 1038 2084 δέ
1064 2039 1129 2082 eum
1153 2019 1285 2100 sequenti
1301 2023 1356 2084 aod
1371 2039 1439 2082 con-

266 2125 366 2189 iuncta
382 2126 411 2190 h.
428 2125 448 2186 l.
463 2145 521 2187 non
536 2134 599 2186 tam
620 2134 664 2187 est
686 2125 880 2200 adversativa,
903 2145 992 2206 quam
1013 2126 1111 2206 potius
1132 2125 1310 2206 copulativa,
1325 2134 1357 2188 et
1371 2125 1439 2214 ἡμῖν

266 2251 325 2295 non
340 2241 456 2294 tantum
471 2233 510 2293 ad
532 2231 672 2312 epistolae
696 2241 851 2305 auctorem,
874 2234 925 2294 sed
940 2231 1090 2294 etiamad
1113 2232 1234 2294 lectores
1255 2233 1439 2294 referendum

265 2347 318 2406 est.
333 2375 375 2384 -
391 2337 513 2400 Verbis:
536 2343 569 2404 τὸ
585 2349 701 2425 πνεῦμα
715 2343 749 2404 τὸ
765 2336 849 2421 ἅγιον
865 2349 964 2401 auctor
986 2347 1118 2412 testatur,
1139 2338 1237 2420 ipsum
1253 2337 1400 2420 Spiritum
1416 2360 1437 2400 s.

267 2463 319 2529 per
334 2444 493 2508 Jeremiam
509 2445 637 2508 locutum
653 2465 722 2507 esse.
740 2481 772 2492 -
792 2445 878 2506 Mens
893 2445 1019 2526 apostoli
1034 2455 1079 2508 est
1094 2447 1180 2508 haec:
1196 2447 1264 2527 Ipse
1280 2444 1438 2527 Spirituss

266 2552 464 2620 testimonium
478 2551 562 2614 nobis
578 2552 713 2632 perhibet
722 2551 783 2615 eius
792 2551 932 2626 veritatis,
947 2571 1037 2632 quam
1056 2551 1189 2633 pluribus
1203 2551 1264 2614 iam
1280 2551 1439 2625 insulanum

227 2681 232 2691 ·
264 2659 324 2723 scil.
334 2658 452 2722 Veteris
461 2657 596 2722 Foederis
611 2657 750 2722 sacrificia
764 2679 821 2720 non
832 2658 959 2738 potuisse
968 2660 1079 2721 auferre
1095 2667 1229 2741 peccata;
1245 2661 1297 2721 sed
1312 2661 1369 2723 hoc
1386 2661 1439 2720 be-

265 2765 398 2830 neficium
421 2764 530 2829 servari
552 2765 638 2827 Novo
661 2766 858 2839 Testamenta,
881 2765 910 2826 in
933 2785 990 2845 quo
1012 2774 1195 2846 peccatorum
1214 2764 1347 2828 remissio
1368 2785 1439 2827 oon-

266 2872 357 2954 oeptis
371 2873 469 2935 verbis
484 2871 646 2934 continetur
661 2869 811 2956 (Eetias).
827 2905 871 2918 -
880 2870 970 2933 Multi
985 2871 1016 2932 in
1031 2891 1067 2934 ea
1075 2871 1183 2934 versati
1198 2881 1267 2934 sunt
1282 2871 1440 2944 sententia,

265 2989 299 3042 ut
313 2981 467 3054 crederent,
482 2978 513 3040 in
528 2977 715 3060 sequentibus
729 2980 828 3040 deesse
849 2978 998 3059 apoduein,
1021 2989 1051 3040 et
1066 2988 1132 3060 post
1147 2998 1174 3040 v.
1194 2979 1243 3045 16.
1268 2978 1441 3042 subintelli-

265 3087 389 3168 gendum
405 3105 466 3148 esse
481 3086 573 3166 λέγει,
588 3105 639 3146 seu
660 3090 726 3151 τότε
749 3084 881 3172 timitem
906 3093 936 3146 et
958 3085 988 3146 iu
1004 3083 1148 3147 codicibus
1163 3083 1312 3148 nonnullis
1337 3104 1441 3148 revera

265 3192 362 3255 versui
380 3192 429 3259 17.
445 3191 578 3253 additum
602 3191 722 3272 legitur:
746 3189 869 3276 ὕστερον
892 3193 982 3274 λέγει,
1007 3199 1110 3272 postea
1134 3190 1211 3254 dicit
1242 3189 1302 3255 Sed
1318 3191 1366 3254 his
1382 3213 1441 3255 non

266 3320 340 3382 opus
354 3308 410 3366 est.
438 3299 566 3360 Possunt
587 3297 665 3360 enim
686 3301 790 3360 verba:
818 3303 892 3384 μετὰ
914 3303 975 3383 γὰρ
996 3303 1030 3364 τὸ
1053 3294 1203 3386 εἰρηκέναι
1225 3298 1357 3362 connecti
1374 3319 1442 3362 cnm

266 3404 363 3468 verbis
378 3407 460 3488 λέγει
475 3409 588 3490 tipice,
604 3415 638 3467 ut
652 3407 724 3468 adeo
740 3405 786 3466 his
801 3405 897 3467 verbis
913 3407 994 3486 λέγει
1010 3409 1115 3490 eipso<
1130 3404 1265 3486 apodosis
1280 3405 1359 3480 insit,
1386 3408 1443 3469 hoe

212 3492 215 3497 ’
265 3531 366 3575 sensu:
382 3512 543 3592 Postquam
557 3510 633 3572 enim
649 3520 737 3573 antea
752 3511 880 3574 dixerat:
902 3513 967 3574 Hoc
989 3521 1033 3573 est
1055 3513 1155 3574 foedus
1170 3520 1233 3587 etc,
1248 3511 1354 3576 deinde
1371 3514 1444 3576 dicit

269 3617 425 3680 Dominus:
458 3619 543 3678 Dabo
574 3617 652 3697 leges
683 3637 762 3679 meas
790 3628 842 3682 eto.
874 3654 919 3666 -
949 3617 1027 3681 Sunt
1059 3618 1176 3700 quidem
1207 3621 1313 3682 verba:
1356 3622 1443 3702 λέγει

271 3727 377 3810 septo<
393 3721 438 3809 (in
453 3724 534 3785 hebr.
550 3731 642 3798 textu,
658 3722 688 3785 in
703 3742 776 3786 vers.
792 3723 879 3787 Alex.
897 3735 927 3787 et
950 3726 1036 3788 Vnt.
1056 3721 1119 3810 10.)
1142 3743 1210 3814 pars¹
1224 3724 1368 3800 vaticinii,
1393 3729 1445 3790 sed

267 3831 417 3912 apostolus
432 3849 468 3890 ea
482 3849 536 3891 sua
550 3831 643 3894 iacere
658 3839 772 3912 poterat
786 3833 981 3894 adreierendn
991 3851 1035 3907 ea,
1050 3852 1126 3913 quae
1135 3841 1303 3913 sequuntur,
1318 3854 1445 3916 nempe:

265 3938 354 4000 Debo
369 3937 446 4016 leges
461 3955 542 3998 meas
557 3946 609 4000 etc.
640 3939 681 4000 Et
695 3948 847 4020 propterea
861 3939 952 4002 etiam
960 3958 989 4003 v.
1002 3941 1052 4005 17.
1061 3947 1128 4020 post
1136 3937 1262 4020 primum
1277 3945 1332 4006 καί
1345 3939 1445 4004 inter·

265 4044 453 4126 pungendum
468 4051 512 4104 est
523 4042 610 4128 (siout
624 4045 701 4107 idem
710 4047 823 4109 obtinet
831 4049 855 4110 I.
874 4045 937 4132 10.)
947 4046 998 4120 ita,
1014 4055 1047 4108 ut
1056 4048 1154 4118 verba,
1170 4065 1245 4126 quae
1260 4057 1445 4128 sequuntur:

265 4159 448 4234 peccatorum
470 4157 501 4210 et
522 4150 690 4214 delictorum
713 4171 811 4215 eorum
834 4155 914 4215 haud
935 4151 1064 4234 amplius
1085 4153 1262 4226 recordabor,
1286 4171 1340 4234 pro
1365 4175 1449 4218 nova

266 4254 359 4318 veluti
374 4253 548 4335 allegatione
562 4257 683 4320 ultimae
705 4259 797 4338 partis
817 4258 948 4322 vaticinii
970 4259 1108 4320 habenda
1122 4257 1188 4319 sint.
1219 4254 1306 4326 Quae
1322 4261 1449 4341 quidem

265 4359 409 4426 sententia
424 4364 641 4426 commendatm
655 4373 839 4428 contentum
853 4375 1013 4446 propterea,
1038 4367 1116 4446 quod
1131 4364 1205 4426 inter
1226 4383 1254 4425 v.
1275 4368 1327 4433 16.
1342 4378 1378 4430 et
1397 4345 1449 4436 17.
