3064 4894
545 360 671 426 Expositio
689 360 735 412 IV.
757 358 797 414 14.
819 359 860 408 1⁵.
1246 362 1286 427 gp

116 540 268 620 pontificis
290 538 405 602 nomine
425 537 607 617 insigninisse
639 536 777 623 (11.1.r;
801 536 1173 626 ΙΠ.1..)-.-ἀρχιερεὸς
1194 544 1290 625 μέγας

116 667 176 708 non
192 646 302 709 indicat
316 644 479 726 pontificem
495 663 660 716 summum‚·
684 647 756 707 haec
781 644 857 706 enim
873 645 953 709 notio
976 644 1035 706 iam
1057 645 1133 706 inest
1147 644 1289 706 vocabulo
1396 685 1398 690 -

117 751 295 839 ἀρχιεριὺς;
317 753 368 814 sed
391 757 487 838 μέγας
508 751 637 812 declarat
659 769 799 832 personae
819 751 1047 831 magnitudinem
1068 759 1098 812 et
1119 751 1289 831 dignitatem

116 847 268 933 eximiam,
283 869 314 920 et
327 857 478 920 verissime
500 857 542 919 ita
565 867 703 923 sanctor
724 875 891 938 nuncupare
914 865 1028 938 poterat
1043 856 1193 919 Christum
1214 877 1290 938 pon·

120 967 245 1040 tillcem3
260 983 329 1027 nam
343 966 511 1028 ostenderat
525 981 613 1048 supra
628 963 666 1047 (I.
683 965 712 1030 4.
730 966 782 1029 ΙΙΙ.
800 961 843 1047 3.)
865 983 932 1025 enm
948 983 1010 1025 esse
1025 964 1164 1026 maiorem
1179 962 1291 1044 angelis

120 1073 319 1152 maioremque
329 1072 440 1150 Moyse,
456 1079 487 1132 et
501 1071 600 1143 verba,
609 1090 684 1151 quae
700 1072 730 1135 h.
747 1071 764 1133 l.
775 1079 943 1152 sequuntur,
958 1089 1103 1132 summam
1119 1069 1228 1132 Christi
1243 1069 1290 1133 di·

119 1179 263 1258 gnitatem
279 1178 535 1258 exponunt.-1n
550 1176 662 1237 verbis:
678 1178 886 1262 διεληλυθότα
894 1179 966 1250 τοὺς
977 1173 1122 1262 οἰιρανιιὺς
1138 1176 1291 1256 designant

122 1281 247 1370 odpcrot
262 1284 356 1346 coelos
371 1291 482 1345 creatos
498 1282 533 1365 (1.
552 1279 627 1366 10),
640 1283 857 1364 distinguendos
871 1303 890 1343 a
905 1283 984 1346 coelo
998 1283 1125 1346 increato
1139 1303 1178 1350 ss.
1192 1281 1290 1344 Trini-

117 1391 200 1464 tatis,
216 1393 292 1472 quod
308 1390 363 1451 IX.
380 1389 432 1454 24.
448 1385 540 1462 αὐτὸς
555 1385 572 1453 ὁ
589 1385 715 1474 οὐρανός
729 1398 863 1464 vocatur;
881 1389 1035 1469 pluralitas
1049 1389 1194 1452 coelorum
1209 1406 1290 1450 crea-

121 1509 218 1586 torum
240 1497 300 1558 iam
322 1497 352 1557 in
374 1493 482 1558 Genesi
503 1497 572 1562 tt.
592 1497 640 1561 16.
666 1495 792 1579 (coelom
813 1502 930 1558 aereum
950 1505 980 1556 et
1001 1495 1113 1566 coelum
1135 1491 1290 1578 sidereum)

118 1607 277 1680 fundatum
293 1603 382 1664 trium
397 1601 541 1664 coelorum
557 1601 647 1662 etiam
662 1602 774 1663 Paulus
788 1601 817 1662 in
845 1603 881 1664 ll.
898 1621 942 1682 ep.
960 1604 997 1662 ad
1014 1600 1180 1663 Corinthios
1204 1601 1290 1684 (xli.

118 1710 163 1794 2.)
179 1709 355 1772 mentionem
372 1707 449 1780 facit,
473 1707 523 1768 ubi
546 1708 664 1768 tertium
687 1709 807 1780 coelum,
823 1707 877 1768 Dei
900 1718 931 1768 et
953 1707 1100 1786 geniorum
1122 1707 1290 1770 coelestium

119 1819 227 1890 sedem,
249 1824 336 1878 vocat
357 1815 538 1899 παράδεισον
568 1812 609 1898 (v.
631 1811 693 1898 4.);
716 1814 841 1896 primum
866 1813 942 1874 enim
965 1813 1075 1874 coelum
1098 1822 1144 1874 est
1164 1818 1290 1886 aereum,

118 1923 246 1988 nubibus
271 1931 389 1994 tectum,
414 1921 540 1982 alterum
563 1919 714 1983 sidereum.
753 1923 815 1982 lam
839 1919 975 2000 quoniam
998 1928 1057 1982 tres
1081 1929 1164 1981 erant
1187 1917 1290 2000 templi

117 2040 225 2112 partes,
240 2029 357 2100 atrium,
372 2035 506 2090 sanctum
521 2035 552 2088 et
566 2025 789 2099 sanctissimum,
806 2039 880 2106 qnae
897 2028 1109 2107 separabantur
1124 2025 1244 2097 aulaeis,
1260 2035 1289 2086 et

117 2155 249 2200 summus
273 2133 404 2216 pontifex
427 2132 583 2215 quotannis
604 2132 651 2194 die
673 2132 782 2195 decimo
805 2132 912 2194 mensis
933 2132 1046 2195 Tisohri
1068 2131 1290 2195 sanctissimum

117 2244 265 2306 intrabat:
283 2240 433 2322 apostolus
448 2258 514 2302 cnm
529 2241 585 2302 hoo
599 2239 751 2320 pontificis,
777 2239 825 2320 qni
841 2239 939 2301 varias
961 2238 1064 2322 templi
1086 2249 1185 2320 partes
1206 2248 1290 2300 trao-

119 2350 207 2420 sibat,
218 2348 347 2428 ingressu
361 2347 392 2410 in
407 2349 531 2428 adytum
546 2355 696 2428 comparat
716 2344 825 2408 Christi
841 2346 871 2408 in
890 2345 1002 2409 coelum
1012 2345 1147 2417 reditum,
1162 2345 1207 2408 cui
1216 2343 1289 2406 varii

118 2453 240 2542 οὐρανοί
256 2452 424 2516 transeundi
440 2463 531 2525 erant,
548 2455 637 2514 donec
647 2451 759 2515 veniret
774 2451 804 2514 in
814 2451 949 2514 intimam
963 2451 1055 2514 veluti
1070 2451 1160 2514 divini
1176 2451 1290 2532 palatii,

117 2561 220 2644 templi
244 2560 385 2632 coelestis,
409 2569 532 2640 partem.
577 2556 676 2630 Quare
705 2558 795 2620 etiam
816 2557 1025 2639 comparationi
1047 2557 1198 2619 institutae
1220 2576 1290 2619 con-

117 2668 266 2730 venienter
287 2669 376 2728 verbo
395 2667 603 2752 διεληλυθότα
625 2663 687 2748 (qni
711 2662 890 2748 pertransiit)
912 2685 982 2726 usus
1004 2674 1057 2728 est.
1074 2700 1115 2710 -
1132 2676 1289 2751 apocopen

118 2775 194 2839 idern
210 2774 345 2855 estquod
362 2774 491 2856 βεβαίως
506 2777 709 2858 κατάσχωμεν
726 2769 794 2850 (ΙΠ.
810 2773 840 2837 6.
860 2773 930 2852 14.)

207 2899 236 2944 ν.
254 2880 303 2947 15.
320 2875 365 2944 Cd
379 2882 438 2964 γὰρ
454 2878 566 2966 ἔχομεν
588 2877 736 2966 ἀρχιερέα
759 2883 801 2966 μὴ
824 2879 986 2964 δυνάμενον
1008 2879 1207 2964 σορπαθῆσαι
1224 2887 1289 2950 ταῖς

119 2987 289 3061 ἀσθενείαις
303 2985 397 3074 ἡμῶν,
412 2991 646 3070 πεπειρασμένον
663 2985 695 3048 δὲ
711 2988 791 3049 κατὰ
807 2991 904 3050 πάντα
919 2979 996 3050 καθ’
1013 2981 1177 3072 ὁμοιότητα
1192 2987 1289 3071 χωρὶς

119 3092 277 3181 ἁμαρτίας.
293 3129 336 3140 -
351 3095 449 3156 Versu
464 3109 557 3172 praec.
581 3092 733 3171 apostolus
756 3089 841 3168 dixit,
865 3091 968 3152 Jesnm
989 3089 1156 3171 pontificem
1177 3089 1289 3152 coelum

119 3199 251 3272 intrasse,
268 3198 445 3277 lectoresque
460 3217 528 3260 suos
542 3197 703 3270 admonuit,
719 3205 752 3258 nt
761 3196 829 3258 huic
843 3197 971 3277 ipsorum
981 3196 1108 3277 pontifici
1124 3204 1289 3258 constanter

120 3307 322 3378 adhaererent,
337 3303 368 3366 in
391 3323 481 3384 eoque
496 3303 632 3365 fiduciam
654 3321 739 3366 snam
757 3302 938 3365 collocarent.
968 3304 1033 3364 Iam
1054 3301 1083 3364 h.
1099 3322 1127 3362 v.
1147 3302 1288 3365 rationem

118 3411 220 3484 reddit,
235 3428 285 3474 cnr
295 3411 321 3474 ei
330 3411 488 3488 adhaerere
497 3419 585 3492 atque
595 3409 735 3472 confidere
744 3409 857 3490 possint
866 3417 896 3472 et
904 3410 1045 3484 debeant3
1061 3418 1167 3472 etcum
1182 3409 1288 3491 aliquis

119 3529 217 3584 contra
231 3534 346 3580 movere
361 3515 468 3598 possit:
483 3515 508 3577 si
523 3514 592 3578 talis
601 3535 636 3577 oc
645 3524 746 3578 tantus
762 3525 806 3578 est
820 3514 962 3590 Christus,
978 3515 1101 3578 miseriis
1116 3515 1222 3578 nostris
1231 3535 1288 3578 non

119 3623 299 3688 movebitur:
314 3623 402 3686 simul
416 3621 515 3686 verbis
529 3621 616 3686 huius
631 3639 731 3684 versus
746 3622 853 3708 refellit
868 3621 912 3684 ita
925 3623 981 3684 sibi
990 3631 1192 3686 occurrentem.
1222 3623 1289 3684 Ha-

119 3733 230 3804 bemus,
244 3729 348 3811 inquit,
364 3729 538 3810 pontificem,
554 3727 603 3811 qui
619 3728 661 3791 nil
677 3728 798 3790 hnmani
813 3748 832 3790 a
846 3749 877 3790 se
888 3729 1018 3791 alienum
1027 3737 1119 3810 putet,
1133 3729 1183 3809 qui
1198 3747 1289 3810 aeque

123 3859 158 3902 ac
172 3838 352 3900 Judaeomm
368 3835 517 3918 pontifices
532 3834 609 3919 (coll.
624 3835 666 3900 V.
680 3833 724 3918 2.)
741 3834 942 3899 misericordia
953 3835 1035 3915 tangi
1050 3834 1150 3916 possit.
1167 3872 1205 3880 -
1222 3833 1289 3898 Vo-

120 3943 257 4010 cabulum
272 3941 416 4008 &chevele
431 3943 460 4004 h.
478 3941 497 4008 l.
512 3941 661 4004 miseriam
676 3942 810 4023 quamvis
831 3943 967 4015 denotat3
990 3950 1054 4002 tum
1076 3939 1245 4002 afflictiones
1259 3950 1290 4002 et

119 4049 310 4122 calamitates,
332 4058 396 4112 tum
418 4047 608 4110 vitiositatem
629 4057 659 4110 et
686 4050 724 4109 ad
746 4049 924 4130 peccandum
946 4046 1130 4128 pronitatem.
1153 4083 1194 4092 —-
1210 4044 1294 4112 καθ’Ι

120 4152 284 4245 apotecas
294 4154 419 4236 positum
429 4164 473 4216 est
479 4171 546 4235 pro:
556 4151 713 4241 γενόμενον
721 4151 753 4220 ἐν
763 4165 836 4220 πᾶσι
844 4163 906 4219 τοῖς
913 4150 1199 4240 πειρααροῐςὸροῐον
1208 4153 1287 4242 lipia

119 4261 271 4328 -Verbis
279 4266 376 4348 χωρὶς
390 4259 540 4346 ἁμαρτίας
555 4261 705 4340 apostolus
718 4259 837 4335 indicat,
853 4257 1002 4321 Christum
1011 4261 1050 4321 ab
1059 4259 1137 4322 omni
1153 4277 1244 4322 errore
1259 4271 1289 4320 et

121 4377 236 4450 peccato
252 4367 340 4430 fuisso
354 4351 521 4440 immunem,
536 4385 628 4448 eaque
643 4366 756 4438 adiecit,
772 4386 808 4427 ne
825 4366 943 4430 lectores
958 4367 1036 4428 ultra
1051 4368 1168 4428 modum
1184 4377 1287 4429 exten-
