3096 4886
529 339 654 406 Expooitio
672 339 703 390 X.
722 333 837 389 32-34.
1200 338 1263 407 175

601 525 713 608 sectio
736 527 766 580 8.

96 661 276 724 Pristiua
300 662 337 723 in
361 661 657 724 calamitatibus
682 663 725 720 ob
751 659 958 740 religionis
982 659 1265 741 professionem

96 768 341 850 perferendis
356 767 574 860 constantia
589 764 821 828 Christianis
834 774 987 828 strenue
1002 777 1059 828 est
1074 767 1265 830 servanda.

508 906 579 989 ap.
595 907 636 969 x.
652 927 700 969 vv.
717 908 857 974 32—39.

187 1051 358 1133 Apostolus,
375 1050 425 1132 qui
440 1050 470 1111 in
485 1049 720 1111 antecedentibus
736 1049 863 1122 lectores,
889 1060 922 1111 ut
944 1069 993 1111 eos
1007 1071 1026 1112 a
1041 1051 1198 1114 defectione
1213 1053 1266 1114 de·

98 1162 271 1232 hortaretur,
286 1157 373 1219 minis
387 1156 557 1238 perculerat,
573 1153 632 1216 iam
648 1153 807 1218 orationem
823 1175 907 1218 suam
923 1153 1074 1237 temperat,
1096 1167 1125 1219 et
1146 1168 1180 1220 ut
1201 1159 1267 1221 illos

98 1268 137 1328 ad
152 1264 346 1329 constantiam
362 1262 468 1336 incitet¹
485 1262 630 1343 sapienter
651 1260 692 1322 eis
713 1261 743 1322 in
760 1261 929 1324 memoriam
949 1271 1065 1326 revocat
1080 1263 1176 1345 priora
1190 1273 1267 1327 tem-

101 1391 181 1454 pora,
197 1371 304 1453 quibus
318 1367 464 1432 aerumnis
478 1379 508 1430 et
523 1367 741 1430 calamitatibus
763 1368 853 1449 pressi
875 1377 1040 1431 constanter
1058 1389 1089 1431 se
1105 1370 1266 1451 gessissent

194 1498 222 1541 v.
238 1479 289 1544 32.
307 1473 594 1563 Ἀναμιμνήσκεσθε
610 1475 642 1538 δὲ
658 1479 713 1548 τὰς
728 1479 871 1559 πρότερον
893 1474 1020 1562 ἡμέρας,
1043 1475 1074 1541 ἐν
1091 1475 1140 1551 αἷς
1155 1500 1269 1564 φωτισ-

102 1591 217 1662 θέντες,
232 1585 352 1672 πολλήν
369 1581 503 1668 ἄθλησιν
519 1577 689 1667 ὑπεμείνατε
710 1585 911 1668 παθημάτων,
928 1618 971 1628 -
987 1583 1119 1644 Verbum
1135 1589 1268 1670 φωτίζειν

103 1693 152 1778 (ut
166 1691 221 1753 VI.
237 1687 282 1776 4.)
305 1687 433 1770 positum
457 1687 560 1768 legitur
581 1687 617 1751 de
641 1686 685 1760 iis,
707 1687 757 1768 qui
779 1687 810 1749 iu
832 1687 967 1768 religione
990 1688 1148 1751 christiana
1169 1690 1270 1762 edocti,

101 1798 189 1861 huius
202 1796 348 1878 religionis
362 1793 553 1876 cognitionem
569 1793 719 1866 consecuti,
734 1796 773 1855 ad
787 1813 852 1855 eam
861 1795 977 1857 adducti
986 1803 1062 1856 suut
1074 1830 1113 1842 —
1125 1794 1270 1883 ἄθλησις,

104 1915 260 1976 certamen,
283 1903 359 1983 quod
389 1919 494 1963 nomen
516 1907 631 1981 praeter
653 1901 730 1962 hunc
751 1899 846 1962 locum
868 1920 959 1982 neque
981 1899 1160 1963 inversione
1182 1901 1270 1963 Alex.

102 2029 197 2092 neque
211 2009 240 2070 in
257 2007 338 2070 libris
353 2007 391 2069 N.
407 2007 441 2068 T.
459 2005 569 2087 legitur,
585 2023 636 2087 per
651 2007 853 2086 metaphoram
869 2006 1006 2068 tribuitur
1015 2005 1049 2080 ei,
1065 2006 1114 2087 qui
1129 2007 1270 2070 indefesso

102 2116 199 2180 studio
214 2115 243 2176 in
259 2113 404 2194 aliquare
419 2111 500 2193 gravi
516 2122 546 2172 et
560 2112 683 2174 molesta
699 2111 742 2174 ita
757 2113 881 2186 laborat,
904 2121 937 2174 ut
951 2112 1049 2175 omnia
1064 2112 1272 2195 impedimenta

100 2233 132 2286 et
146 2221 228 2284 mala
241 2229 390 2283 removeat
404 2229 433 2280 et
448 2231 571 2300 superet.
594 2255 635 2264 —
654 2215 810 2306 ὑπομένειν
825 2223 996 2306 παθήματα
1019 2218 1176 2301 significat:
1202 2239 1272 2283 oon-

101 2339 214 2393 stanter
229 2337 259 2390 et
273 2327 385 2389 fortiter
399 2324 583 2389 calamitates
599 2325 729 2406 perferre.

191 2454 219 2499 v.
236 2436 287 2501 33.
303 2443 391 2498 τοῦτο
408 2438 461 2520 μὲν
477 2430 652 2519 ὀνειδισμοῖς
675 2437 773 2499 τεκαὶ
790 2435 913 2520 θλῖψτσι
931 2435 1165 2520 θεατριζόμενοι,
1183 2443 1271 2499 τοῦτο

102 2544 136 2608 δὲ
151 2544 289 2608 κοινωνοὶ
304 2553 361 2606 τῶν
377 2537 473 2614 οὕτως
496 2538 761 2626 ἀναστρεφομένων
786 2545 975 2626 γενηθέντες.
1002 2576 1042 2586 -
1060 2537 1158 2604 Τοῦτο
1175 2545 1269 2626 μὲν-

106 2660 195 2715 τοῦτο
212 2649 246 2712 δέ
255 2656 300 2708 est
309 2647 498 2709 Latinorum:
515 2645 899 2727 partimquidem—partim
909 2663 984 2708 vero.
994 2681 1038 2692 -
1048 2650 1272 2731 θεατρὶῖεσθαι,

106 2757 184 2838 quod
199 2763 315 2836 praeter
329 2754 406 2816 hunc
421 2753 515 2815 locum
538 2753 567 2814 in
584 2753 621 2814 N.
637 2753 673 2822 Τ,
695 2772 751 2815 non
767 2752 916 2833 reperitur,
938 2751 1013 2813 idem
1037 2751 1175 2825 declarat,
1197 2753 1273 2833 quod
1344 2827 1350 2838 ¹

108 2869 243 2949 θέατρον
258 2844 394 2943 γίνεσθαι
410 2858 472 2945 (cfr.
487 2861 511 2926 Ι.
521 2858 585 2926 (lor.
600 2859 655 2922 IV.
672 2861 716 2926 9.:
734 2863 887 2946 ,deotmot
904 2858 1089 2947 ἐγενήθημεν
1112 2869 1153 2943 τῷ
1168 2863 1274 2944 κόσμῳ

106 2974 160 3035 ναὶ
171 2968 315 3051 ἀγγέλοις
324 2971 376 3032 παὶ
386 2965 561 3052 ἀνθρώποις
570 2965 613 3051 “):
629 2965 697 3028 hinc
706 2965 839 3047 Vulgata
847 2965 950 3028 vertit:
966 2964 1256 3048 spectaculamflmi
1264 2981 1275 3034 ‚·

107 3075 175 3140 dein
191 3077 312 3138 denotat
326 3073 428 3136 etlam:
444 3073 601 3153 ignominia
615 3072 700 3148 affici,
716 3072 841 3136 ludibrio
856 3072 973 3154 publico
995 3071 1108 3152 exponi.
1126 3107 1168 3115 —-
1185 3079 1274 3136 τοῦτο

112 3185 145 3248 δὲ
168 3184 307 3246 ιιοινωνοὶ
323 3227 330 3242 .
347 3228 354 3242 .
372 3227 402 3242 ..
427 3183 613 3266 γενηθέντες,
642 3178 748 3260 partim
770 3197 838 3241 vero
860 3178 929 3241 facti
951 3177 1020 3240 estis
1042 3176 1196 3259 participes
1216 3176 1277 3238 sive

110 3296 271 3363 consortem
293 3287 401 3349 scilieet
423 3285 602 3367 patientibus
630 3284 807 3348 condolendo
829 3293 941 3347 ettam
963 3287 1049 3346 rebus
1071 3303 1159 3365 quam
1182 3281 1279 3344 verbis

107 3393 246 3458 solatium
262 3393 424 3457 adferendo.

198 3521 227 3568 v.
243 3501 294 3568 34.
310 3497 374 3565 Kal
388 3503 446 3586 γὰρ
463 3509 525 3574 τοῖς
541 3503 672 3586 δεσμίοις
688 3505 927 3588 συνεπαθήσατε,
942 3503 995 3564 καὶ
1005 3503 1058 3588 τήν
1068 3495 1205 3586 ἁρπαγήν
1221 3509 1278 3563 τῶν

108 3606 305 3695 ὑπαρχόντων
320 3603 402 3693 δμῶν
420 3609 494 3692 μετὰ
510 3618 612 3693 χαρᾶς
626 3607 860 3692 προςεδέξασθε,
875 3610 1078 3688 γινώσκοντες,
1103 3605 1183 3691 ἔχειν
1206 3603 1278 3668 ἑαο-

109 3727 172 3790 τοῖς
188 3720 342 3801 κρείττονα
356 3709 479 3800 δπαρξιν
496 3712 542 3792 [ἐν
559 3709 711 3800 οὐρανοῖς]
728 3717 780 3778 ναὶ
797 3720 955 3800 μένουσαν.
982 3747 1017 3757 -
1037 3711 1149 3773 Probat
1164 3718 1194 3770 et
1208 3709 1278 3771 illu-

110 3831 186 3885 strat
200 3842 222 3886 s.
239 3829 340 3884 auctor
362 3821 417 3883 hoo
440 3837 533 3892 versu,
559 3839 633 3900 quae
648 3839 676 3883 v.
702 3838 796 3901 praec.
821 3817 949 3892 dixerat;
972 3818 1022 3878 sed
1044 3816 1158 3878 inverso
1172 3815 1278 3877 ordine.

110 3966 153 3978 -
170 3929 302 4008 Recepta
316 3927 388 4008 legit
402 3937 464 4000 τοῖς
480 3927 600 4012 δεσμοῖς
617 3951 685 4013 μου,
701 3946 776 4008 quae
792 3925 876 3988 lectio
891 3923 915 3986 si
931 3922 1056 4005 genuina
1064 3931 1148 3996 esset,
1163 3921 1280 3984 omuino

109 4043 255 4116 spectaret
270 4054 292 4096 s.
308 4033 394 4095 Pauli
411 4032 611 4112 captivitatem
634 4050 800 4107 romanam;
824 4032 875 4093 sed
890 4029 989 4092 lectio:
1013 4039 1075 4103 τοῖς
1091 4024 1222 4115 δεσμίοις
1237 4038 1282 4088 est

110 4141 314 4223 praeferenda3
329 4159 396 4200 nam
414 4138 523 4200 codices
539 4138 780 4220 praestantissimi
796 4135 847 4222 (A.
864 4134 943 4220 D.*),
965 4136 1110 4198 versiones
1130 4133 1281 4215 plurimae,
1296 4130 1300 4138 '

110 4249 201 4311 etiam
220 4246 362 4331 Valpota
376 4255 407 4308 et
415 4245 568 4322 Ραιοῖιὶιο,
578 4243 824 4330 Oltrpsoetomaa,
836 4243 1053 4321 Theodoretar,
1064 4243 1281 4315 Oeaomeaiae,

109 4356 304 4422 Ambrosias
320 4363 350 4415 et
364 4351 534 4414 celebriores
549 4351 638 4415 critici
654 4371 719 4414 eam
735 4349 892 4428 exhibeut3
914 4351 991 4413 hanc
1010 4349 1161 4414 lectionem
1177 4348 1282 4412 confir-
