3094 4892
585 281 624 332 De
642 289 741 332 auctore
760 284 884 346 epistolae,
1274 287 1317 356 23

241 453 268 538 o)
284 454 389 536 Opinio
407 457 592 522 Clementem
601 461 694 522 Rom.
705 459 799 540 operis
814 461 904 522 nostri
913 480 975 522 esse
990 471 1145 533 auctorem,
1159 461 1220 524 sine
1229 461 1318 524 dubio

151 570 216 620 orta
232 571 277 624 est
292 583 307 623 e
320 564 470 626 sententiis
486 585 521 628 ao
536 565 676 637 lonnulis,
693 585 768 645 quae
783 583 820 626 ex
835 586 868 628 eo
883 565 913 626 in
928 564 1087 628 Clementis
1101 568 1139 628 ad
1155 564 1319 631 Corinthios

151 665 242 728 literis
256 667 494 746 inveniebantur;
510 689 688 752 quamquam
705 673 808 734 exinde
823 671 853 732 id
876 681 992 734 lantum
1016 671 1222 738 ooniioieudum
1246 682 1317 745 erat,

151 770 331 838 Clementem
348 777 502 856 epistolam
518 779 556 838 ed
571 779 721 842 Hebraeos
737 778 848 858 legisse,
863 787 952 858 atque
968 795 1136 858 usurpesse;
1158 799 1226 840 nam
1242 779 1318 842 bane

151 877 225 940 inter
239 890 328 961 atque
344 882 412 943 illas
427 885 465 946 ad
481 882 646 946 Corinthios
662 882 761 944 literas
777 883 880 944 habita
895 885 1006 946 ratione
1027 901 1121 944 rerum
1137 863 1317 948 tractationis

150 993 180 1046 et
194 986 265 1066 styli
281 1006 439 1068 permagna
455 990 604 1052 intersedit
619 989 832 1062 dissimilitudo,
847 1000 876 1052 et
892 988 1027 1052 Clemens
1048 990 1118 1071 ipse,
1144 989 1194 1054 ubi
1209 990 1240 1053 iu
1254 990 1315 1052 suis

150 1090 241 1154 literis
257 1114 295 1156 ex
310 1095 433 1174 epistola
447 1097 486 1156 ad
502 1097 651 1158 Hebraeos
666 1096 824 1158 sententias
838 1096 952 1170 intexit,
977 1097 1033 1158 has
1056 1096 1176 1160 alterius
1191 1097 1316 1160 auctoris

149 1215 222 1269 esse,
245 1200 333 1279 plane
356 1201 492 1264 declarat.
502 1199 526 1285 ι)
556 1197 685 1274 Adsedit,
700 1204 777 1283 quod
792 1201 926 1264 Clemens
941 1203 1030 1266 homo
1044 1211 1107 1264 erat
1121 1222 1138 1264 e
1152 1202 1316 1283 gentilismo

150 1323 304 1368 conversus
320 1316 349 1368 et
365 1305 443 1391 (eum
458 1307 503 1374 20
518 1310 633 1370 demum
648 1309 732 1370 annis
747 1318 814 1388 post
824 1309 1045 1390 Hierosolymae
1060 1309 1236 1372 eversionem
1251 1309 1316 1373 Ro-

149 1429 267 1474 marram
284 1413 433 1476 eeclesiam
448 1433 544 1495 regere
566 1412 702 1498 eoeperit)
725 1424 862 1496 ternpore,
884 1435 942 1496 quo
963 1415 1086 1496 epistola
1107 1416 1145 1478 ad
1166 1416 1316 1478 Hebraeos

148 1528 270 1580 exarata
285 1519 379 1592 fuerit,
395 1522 474 1582 baud
489 1540 613 1600 magnae
635 1521 831 1595 auetoritatis;
853 1521 978 1601 epistole
1002 1521 1089 1601 igitur
1110 1523 1149 1583 eb
1171 1540 1205 1584 oo
1226 1520 1316 1584 missa

148 1640 252 1701 parum
265 1627 396 1704 ponderis
412 1628 449 1687 ad
460 1628 690 1706 persuadendum
699 1627 850 1688 habuisset
858 1629 937 1707 apud
945 1628 1083 1700 Judaeos,
1097 1625 1315 1707 quidootrinem

147 1737 178 1790 et
192 1727 400 1794 institutionem
417 1732 447 1794 in
462 1734 549 1794 rebus
563 1731 708 1812 religionis
723 1753 742 1794 a
758 1753 813 1794 non
830 1732 851 1793 J
854 1735 944 1796 udaeo
965 1743 995 1794 et
1018 1732 1081 1794 viro
1102 1732 1242 1812 dignitate
1257 1750 1314 1820 non

148 1834 299 1914 conspicuo
315 1836 442 1917 aenipere
457 1857 607 1919 nunquam
622 1838 652 1900 in
668 1839 798 1900 animum
814 1838 1003 1900 induxissent
1009 1835 1035 1916 2)

235 1938 267 2023 d)
281 1943 431 2024 Aliquem
446 1943 592 2008 Paulam
608 1964 672 2007 non
687 1945 864 2025 apostolum
887 1944 1032 2006 Hebraeis
1054 1942 1209 2024 sonpsissa
1232 1940 1313 2007 uniee

144 2044 300 2111 Irenoene
322 2059 352 2110 et
366 2050 555 2134 Hippolltus
577 2045 823 2130 oontenderuntss)
863 2053 945 2126 ,Aet
967 2052 1059 2130 qais‘
1082 2083 1126 2098 -·-
1148 2048 1314 2129 quaerimus

145 2171 211 2214 oum
229 2151 378 2236 damae)
394 2191 437 2204 -
453 2156 604 2228 ,Paulus
619 2159 677 2220 iate
699 2167 728 2219 et
747 2158 852 2222 ande?
873 2157 1000 2236 quando
1020 2157 1121 2222 mett?
1152 2155 1214 2220 Va
1229 2154 1307 2218 odeo

144 2260 282 2324 oleatus
304 2271 333 2324 et
354 2265 491 2345 soriptor·
520 2265 676 2340 emeritas,
701 2265 876 2342 quietaque
896 2262 951 2328 ille
968 2264 1085 2345 suerit,
1108 2282 1147 2328 an
1170 2262 1311 2326 omnium

144 2369 299 2430 memoria
315 2370 456 2432 onoldere
469 2389 533 2434 non
547 2371 697 2451 peteteret
705 2372 727 2428 ⁸.

233 2470 262 2557 e)
279 2471 338 2542 Qui
353 2474 500 2536 reoeutiori
516 2485 613 2536 aetate
635 2475 742 2536 librum
757 2483 887 2536 nostrum
909 2474 1104 2555 evangelistae
1119 2473 1234 2538 Meroe
1257 2472 1311 2536 tri-

146 2578 248 2650 buunt,
264 2581 440 2659 argumentis
456 2580 507 2642 vix
522 2579 693 2644 refutatione
708 2580 802 2660 dignis
817 2580 957 2645 nituntur.
1021 2615 1022 2618 ¹

233 2691 258 2773 f)
274 2693 443 2756 Coniectura
458 2698 494 2756 de
512 2695 585 2758 sits
600 2695 647 2756 vel
666 2694 798 2758 Siluano
814 2696 955 2775 epistolae
964 2706 1080 2759 anotore
1089 2696 1182 2758 babet
1189 2692 1310 2775 aliquid,

143 2817 201 2877 quo
216 2802 439 2874 commendetur,
455 2820 520 2862 uum
536 2801 580 2861 vir
595 2800 644 2861 ille
660 2800 835 2880 apostoliens
850 2801 1048 2864 familiaritate
1064 2800 1150 2864 Pauli
1165 2799 1310 2864 ae'Iirno-

144 2889 205 2965 tbei
222 2925 292 2966 usus
307 2915 395 2986 atque
417 2906 589 2969 auctoritate
608 2907 728 2986 insignis
750 2907 850 2981 fuerit3
873 2927 924 2970 neo
946 2928 1003 2970 non
1027 2927 1064 2970 ex
1078 2907 1147 2970 Aet
1168 2906 1241 2968 XV.
1258 2906 1310 2970 22.

142 3009 275 3090 eolligere
289 3013 384 3084 lieeat,
394 3012 478 3074 illum
487 3015 525 3074 ad
534 3013 684 3075 eeclesiam
693 3011 989 3094 Hierosolymitanam
1000 3013 1178 3094 pertinuisse.
1201 3010 1311 3074 Obstat

142 3222 176 3270 ΙΙ.
195 3224 278 3287 irrep.
297 3225 337 3272 ad.
356 3225 448 3282 nerra
467 3223 491 3275 J.
511 3223 569 3274 Cloe.
590 3222 707 3274 &tntae
723 3225 780 3274 hist.
800 3225 858 3274 krit.
877 3225 943 3276 einr.
961 3225 1007 3274 irr's
1026 3224 1060 3276 N.
1079 3226 1106 3274 Τ.
1128 3223 1205 3275 absh.
1226 3221 1250 3272 1.
1264 3219 1306 3284 se

143 3307 206 3364 280.
226 3311 270 3368 ff.;
299 3310 408 3362 Twesten
426 3313 522 3362 Vorles.
549 3313 611 3362 tiber
628 3311 763 3379 Dogmatilr
788 3311 814 3362 4.
838 3314 913 3370 And,
939 3313 986 3363 Bd.
1007 3313 1029 3361 1.
1049 3311 1085 3362 St.
1105 3310 1163 3369 9⁵.;
1194 3309 1311 3360 Wimler

142 3399 304 3464 Chrouologie
322 3400 365 3450 des
382 3407 461 3464 apost.
479 3401 618 3450 Zeitsltsrs.
632 3401 734 3467 Coming
753 3398 822 3448 1848
834 3399 871 3452 St.
885 3399 938 3449 ⁵04
957 3402 1001 3460 ff.;
1022 3398 1143 3452 remeet
1161 3401 1192 3450 de
1203 3399 1308 3464 epistola

142 3486 173 3534 ad
191 3486 318 3536 Hebraeos
336 3490 511 3540 commentatio
529 3489 614 3538 histor.
633 3488 715 3543 Marb,
736 3487 804 3538 1848
821 3506 844 3554 p.
868 3489 907 3550 1,;
927 3487 1053 3538 Adulter
1066 3488 1152 3540 Molee·
1169 3488 1229 3540 Hist
1249 3487 1310 3538 kris.

142 3573 240 3627 Unters.
261 3576 321 3624 tiber
339 3576 363 3627 d.
383 3577 587 3636 Hebrser·Briel;
606 3578 723 3644 Freiburg
743 3575 817 3624 1851.
839 3576 877 3628 St.
895 3574 931 3628 46
949 3577 977 3628 ff·

236 3661 255 3730 1)
274 3662 323 3712 Cfr.
343 3661 466 3722 onerem
484 3666 550 3714 Einl.
568 3663 593 3714 2.
612 3666 675 3716 tufi.
695 3667 730 3714 St.
748 3663 808 3714 420.
830 3668 905 3716 Arrm.

238 3749 306 3817 ²)1n
325 3753 428 3816 antiqua
446 3754 548 3804 eoelesia
571 3753 690 3817 quosdam
716 3755 845 3812 exstitisse,
870 3755 912 3818 qni
931 3753 1076 3804 Clmnentem
1094 3752 1167 3802 Rom.
1193 3752 1310 3820 epistolae

146 3839 178 3888 ad
197 3839 323 3890 Hebraeos
343 3846 469 3892 auctorem
488 3842 644 3906 adoptarunt,
669 3848 738 3906 patet
756 3857 786 3892 ex
804 3843 922 3892 relatione
947 3841 984 3910 (ll.
1010 3839 1056 3909 oe.)
1075 3838 1199 3906 Odanda
1219 3837 1308 3888 Pler'lo-

141 3926 201 3976 ιιι-11
218 3934 242 3976 et
259 3925 418 3994 Hieronymi,
443 3943 507 3992 quae
531 3929 631 3993 quidem
656 3930 738 3993 opinio
763 3930 895 3994 probabilis
919 3932 973 3980 risa
999 3936 1037 3980 est
1061 3930 1136 3980 etism
1155 3928 1266 3978 anm
1284 3932 1309 3978 et

143 4014 263 4074 Calvinor
282 4017 410 4066 reoeutiori
428 4031 484 4068 vero
502 4025 614 4082 tempore
632 4015 796 4074 Dmtordee,
819 4015 935 4068 Cimmer
957 4025 982 4067 et
998 4016 1172 4082 Reitlrmayer,
1199 4014 1308 4084 (Einleit

144 4106 170 4154 in
190 4104 229 4154 die
247 4105 339 4154 lrsnon.
358 4104 459 4154 Biioher
476 4106 519 4156 des
537 4105 571 4156 N.
589 4107 618 4156 Τ.
637 4106 800 4172 Rogemburg
821 4101 897 4155 1852.
916 4103 953 4154 St.
971 4101 1032 4156 681,
1052 4102 1088 4174 ff.)

232 4190 254 4259 ⁸)
272 4191 381 4242 Plotius
399 4192 452 4244 sod.
471 4190 531 4244 232.

229 4277 251 4349 ⁴)
269 4277 365 4330 Ctlnst
380 4279 477 4350 Proleg.
496 4297 584 4332 oomm.
602 4282 628 4332 in
646 4295 685 4347 ep.
703 4280 736 4330 od
753 4281 835 4332 Hebr.
