3094 4892
278 297 322 362 64
706 291 831 356 Expositis
849 291 883 341 Π.
904 289 945 342 16.
965 287 1007 342 17.

280 471 485 553 significatione
508 469 597 532 etiarn
621 482 650 536 n.
668 469 685 530 l.
701 470 841 532 sumenda
861 479 913 530 est.
937 505 979 514 —-
995 471 1215 556 παραπλησίως
1238 469 1301 536 lul.
1327 470 1459 532 denotat

284 579 359 642 idern
375 597 409 640 ae
424 575 536 664 ὁμοίως
552 575 614 660 (eir.
633 577 697 642 lt:
715 579 796 641 πατὰ
810 573 906 640 πάντα
921 572 1134 664 ὁμοιωθῆναι).
1152 612 1195 620 -
1210 575 1378 638 Pronomen
1395 589 1456 641 τῶν

279 681 375 752 αὐτῶν
393 685 430 746 ad
446 685 535 744 verba
550 680 677 768 αἵματος
691 685 744 746 ναὶ
760 690 873 765 σαρκός
888 683 1067 744 referendum
1081 692 1134 746 est.
1153 718 1192 726 —
1209 683 1265 744 Per
1279 685 1388 743 verba:
1403 680 1456 746 ἵνα

278 791 328 856 διὰ
343 799 396 857 rob
411 793 549 855 θανάτου
563 811 592 854 νι-
608 813 633 853 t.
648 790 680 852 λι
703 787 873 867 exprimitur
888 807 984 860 eausa,
1000 790 1039 850 ob
1054 807 1142 867 quam
1158 785 1293 850 Christus
1307 797 1454 848 naturam

278 899 437 961 humanam
452 893 608 968 assunrait;
625 893 686 956 soil.
696 903 729 954 nt
737 904 829 956 morte
843 895 994 956 subeundo
1002 903 1144 974 potestate
1157 904 1276 956 exueret
1284 893 1453 966 diabolum,

278 1003 326 1086 qui
342 1003 443 1065 mortis
457 1000 610 1081 imperinm
626 1001 753 1072 tenebar,
768 1011 798 1060 et
813 999 950 1062 liberaret
971 999 1112 1072 homines,
1134 999 1184 1080 qui
1206 999 1308 1061 mortis
1330 1010 1453 1080 tempo-

279 1110 350 1173 ralis
365 1119 395 1170 et
416 1115 551 1170 aeternae
573 1115 651 1166 metu
674 1123 725 1185 per
748 1125 862 1166 ornnem
885 1105 977 1168 vitam
999 1105 1130 1168 servituti
1152 1115 1237 1168 erant
1256 1104 1389 1166 obnoxii.
1407 1143 1449 1149 —

278 1215 421 1278 Diabolus
436 1211 540 1274 dieitur
554 1215 587 1276 τὸ
602 1216 715 1296 κράτος
729 1211 810 1296 ἔχων
826 1221 878 1276 τοῦ
894 1214 1039 1286 θανάτου,
1055 1211 1124 1290 quia
1134 1228 1184 1290 per
1193 1221 1353 1290 peecatum,
1368 1213 1450 1291 quod

279 1321 373 1402 primo
388 1317 498 1380 homini
514 1316 663 1397 suggessit,
678 1326 709 1378 et
724 1334 776 1396 per
790 1319 866 1396 quod
882 1326 976 1378 totum
991 1336 1081 1397 genus
1103 1316 1208 1388 inleeit,
1234 1319 1356 1378 tenebat
1380 1337 1448 1377 eum

279 1447 344 1489 eum
362 1435 424 1487 tota
439 1421 609 1504 posteritate
624 1421 709 1484 morti
724 1421 881 1484 obnoxium
898 1418 1053 1507 (Rarius).
1076 1420 1135 1490 cfr,
1150 1420 1224 1487 Gen.
1239 1442 1262 1484 c.
1278 1423 1351 1496 111.;
1375 1422 1448 1502 Sap.

280 1535 318 1595 ll.
336 1533 403 1606 me
419 1530 504 1592 Rom.
520 1527 560 1590 V.
578 1529 627 1594 12.
643 1563 686 1574 -
702 1525 886 1594 ἀπαλὰπσειν
901 1529 1021 1590 denotat
1035 1528 1188 1602 dimittere,
1204 1527 1345 1608 ingenere
1355 1529 1448 1590 etiam

281 1648 365 1701 notat
380 1636 511 1708 liberare,
526 1635 596 1700 ath.
611 1633 648 1710 l.;
662 1643 758 1696 ruente
767 1633 982 1714 adiungendum
997 1645 1058 1710 est;
1074 1637 1170 1722 φόβου
1185 1637 1333 1700 θανάτου.
1356 1633 1447 1696 Chri-

276 1756 339 1809 atue
354 1762 467 1824 nempe,
482 1740 532 1820 qui
547 1758 599 1821 per
613 1750 735 1803 mortem
751 1759 835 1802 suam
857 1750 988 1802 sannam
1011 1739 1160 1802 diabolum
1183 1749 1330 1820 potestate
1353 1742 1446 1812 exuit

277 1873 311 1916 eo
327 1851 389 1932 ipso
404 1869 457 1912 nos
471 1867 490 1908 a
505 1842 584 1908 inetu
600 1846 701 1909 mortis
717 1845 861 1920 liberavit,
876 1845 945 1926 quia
960 1845 1060 1919 effecit,
1083 1855 1116 1908 ut
1137 1865 1215 1908 mors
1236 1866 1302 1908 oum
1317 1848 1383 1908 Deo
1399 1867 1447 1908 re-

276 1955 435 2022 oonoiliatis
456 1973 513 2016 nou
535 1953 662 2034 amplius
684 1951 875 2016 formidabilis
895 1963 981 2026 esset;
1003 1952 1176 2016 renonciliati
1198 1952 1276 2014 euim
1298 1973 1365 2016 eum
1383 1956 1447 2016 Deo

277 2063 437 2127 finuissime
447 2069 575 2142 sperant,
585 2079 616 2120 se
626 2078 682 2122 non
692 2079 753 2122 esse
764 2067 891 2149 mortuos
901 2077 1059 2133 mansuros,
1075 2061 1126 2120 sed
1136 2059 1232 2139 potius
1247 2071 1314 2140 post
1322 2061 1445 2122 beatam

277 2169 510 2235 resurrectionem
526 2165 703 2228 felioissImos
719 2167 786 2228 Iure.
803 2199 844 2210 -
855 2165 1017 2228 Pronomen
1031 2171 1154 2240 eobano<
1171 2166 1301 2228 nonnulli
1317 2169 1446 2228 referunt

277 2280 315 2341 ad
330 2277 400 2349 τοὺς
416 2270 499 2348 υἱοὺς
515 2292 543 2338 v.
562 2274 631 2346 10.;
647 2271 676 2334 id
687 2290 753 2334 vero
762 2271 899 2332 remotius
907 2282 968 2348 est;
984 2271 1089 2333 rectius
1097 2275 1216 2334 refertur
1231 2274 1269 2334 ad
1284 2276 1323 2337 τὰ
1339 2275 1445 2338 παιδία

277 2405 303 2451 v,
323 2385 373 2449 14.
389 2398 439 2463 per
454 2378 606 2458 enallagen
621 2377 732 2458 generis
747 2376 818 2438 satis
833 2378 1027 2458 frequentem
1050 2378 1091 2442 ita
1114 2389 1146 2442 ut
1167 2383 1293 2454 nebron<
1315 2379 1444 2459 positum

276 2492 314 2553 sit
328 2507 381 2572 pro
395 2497 496 2554 ταῦτα.

365 2615 393 2660 r.
411 2595 460 2660 16.
476 2588 520 2656 Ol)
535 2595 593 2676 γὰρ
620 2592 716 2678 δήπου
739 2590 873 2674 ἀγγέλων
896 2588 1138 2678 ἐπιλαμβάνεται,
1161 2590 1247 2658 ἀλλά
1269 2599 1444 2678 σπέρματος

276 2701 434 2788 Ἀβραὰμι
450 2697 692 2783 ἐπιλαμβάνεται.
717 2733 740 2744 ⁰
767 2693 812 2760 Ob
827 2699 885 2782 γὰρ
901 2697 997 2785 δήπου
1022 2699 1126 2760 locutio
1148 2709 1192 2760 est
1214 2698 1345 2772 classim,
1368 2721 1444 2780 quae

276 2829 369 2891 oeque
384 2808 414 2869 in
429 2805 557 2868 versione
573 2803 670 2878 Alea,
687 2823 778 2884 neque
794 2802 824 2864 in
840 2802 920 2866 libris
935 2803 973 2866 N.
990 2804 1033 2876 T.‚
1049 2815 1097 2866 ast
1112 2806 1191 2886 apud
1207 2804 1379 2870 Philonem
1395 2826 1442 2868 re-

277 2917 393 2999 peritur.
410 2949 452 2960 -
468 2911 579 2973 Versus
594 2909 641 2973 bio
656 2911 789 2973 oohaeret
804 2929 869 2972 eum
885 2929 912 2970 v.
932 2911 981 2978 14.
997 2922 1026 2972 et
1048 2910 1168 2974 ulterius
1191 2912 1378 2974 confirmatur
1394 2933 1443 2976 ar-

277 3031 445 3105 gumentum
462 3019 595 3099 probans,
611 3015 760 3078 Christum
776 3015 911 3078 debuisse
920 3034 1022 3098 eorpus
1037 3018 1198 3080 humanum
1208 3017 1332 3082 induere.
1366 3019 1443 3084 Sen-

277 3127 370 3192 tentia
385 3136 444 3188 est:
460 3123 594 3185 Christus
608 3133 684 3185 oerte
699 3143 757 3184 non
771 3122 890 3202 angelis,
914 3124 965 3184 sed
981 3123 1144 3184 Abrahami
1167 3124 1289 3204 posteris
1310 3128 1443 3205 genuinis

276 3253 360 3317 opem
375 3231 462 3306 tulit;
477 3229 501 3292 si
511 3228 621 3310 angelis
636 3249 720 3310 opem
731 3231 802 3290 ferre
812 3228 961 3302 voluisset,
970 3230 1138 3309 angelorum
1149 3241 1285 3292 naturam
1293 3251 1441 3296 assumere

276 3339 438 3413 debuisset;
454 3347 501 3398 ast
517 3356 573 3398 non
589 3335 708 3415 angelis,
724 3337 774 3397 sed
790 3334 954 3396 hominibus
969 3335 1130 3416 opitulatus
1145 3346 1198 3410 est,
1214 3338 1268 3399 hos
1283 3359 1299 3398 e
1315 3340 1440 3420 pernicie

277 3447 385 3528 eripere
407 3445 496 3505 etad
518 3441 686 3504 felicitatem
708 3459 862 3522 perennem
884 3443 1023 3504 adducere
1045 3441 1152 3516 voluit,
1176 3453 1328 3524 propterea
1351 3446 1441 3508 etiam

276 3570 379 3633 eorpus
400 3551 562 3612 humanum
582 3547 698 3609 induere
721 3547 829 3612 debuit.
851 3583 895 3594 -
917 3549 1048 3612 Verbum
1072 3546 1334 3634 ἐπιλαμβάνεσθαι
1362 3577 1440 3628 τινος

278 3667 375 3722 notat:
391 3655 513 3718 alieuius
528 3652 685 3715 adiuvandi
700 3673 787 3715 eausa
803 3673 921 3716 manum
936 3655 1165 3734 apprehendere;
1190 3656 1256 3718 dein
1278 3674 1329 3735 per
1343 3671 1441 3722 meta-

282 3766 421 3846 phoram:
450 3779 535 3840 opem
557 3761 638 3831 ferre,
661 3759 813 3841 opitulari;
843 3781 900 3824 non
921 3771 1019 3822 autem
1035 3760 1130 3840 prouti
1146 3771 1256 3822 ueteres
1272 3762 1440 3843 interpretes

279 3870 545 3955 (Clarysostomoa
564 3866 783 3945 [llwodoretua
800 3869 1008 3930 Oeoomersr'ue
1030 3864 1137 3950 etalii)
1160 3867 1438 3948 interpretabantur:

276 3987 412 4038 naturam
428 3965 612 4056 (angeli'sive
628 3972 765 4052 hominia)
782 3990 936 4038 assumere.
952 4007 993 4017 -
1017 3973 1073 4032 Per
1089 3978 1208 4060 σπέρμα
1223 3969 1372 4061 Ἀβραάμ
1394 3976 1438 4038 in·
1520 4033 1521 4066 p

276 4079 433 4161 telligenda
448 4065 493 4138 e'st
510 4078 538 4143 b.
555 4079 574 4145 l.
590 4080 702 4142 nonnisi
722 4078 845 4142 earnalis
861 4078 1001 4140 Abrabae
1017 4078 1169 4158 posteritas
1191 4077 1252 4163 (cfr.
1268 4099 1297 4147 v.
1316 4082 1364 4145 17.
1387 4092 1437 4148 τοῦ

276 4189 369 4260 raom
384 4185 472 4246 XIII.
492 4186 541 4250 12.
556 4189 606 4250 τὸν
621 4184 718 4266 λαόν),
734 4205 791 4246 non
813 4191 914 4244 autern
931 4192 1023 4244 totum
1047 4205 1136 4264 genus
1150 4186 1306 4248 electorum
1330 4206 1368 4246 ex
1383 4187 1403 4247 J
1406 4209 1438 4248 u-

275 4291 355 4354 daeia
370 4302 399 4352 et
413 4290 564 4372 gentibus3
580 4311 637 4352 uon
652 4293 729 4372 quod
744 4311 780 4351 ea
794 4290 857 4350 sola
872 4301 925 4350 aut
940 4300 1003 4351 tota
1018 4308 1068 4371 per
1083 4290 1232 4354 Christum
1254 4293 1372 4354 salvata
1394 4294 1437 4366 ait,
