3072 4882
127 359 129 363 ’
258 341 300 406 78
701 337 825 404 dispositio
844 338 890 390 Ν.
913 337 935 396 Ι,
953 335 979 389 2.

258 517 391 580 fraudare
406 536 458 599 spe
473 516 634 580 introeundi
651 517 680 579 iu
696 515 865 580 felicitatem
880 517 914 590 ei,
937 537 998 599 qua
1012 519 1092 580 Deus
1114 516 1278 598 perfruitur,
1303 517 1426 580 similem

257 633 288 684 et
302 633 417 686 aeterne
432 625 593 688 durantem.

345 749 373 796 v.
392 731 418 796 1.
436 721 633 818 Φοβηθῶμεν
650 726 711 807 οὑν,
735 736 778 819 μὴ
793 751 866 798 ποτε
881 733 1143 818 καταλειπομένης
1158 729 1351 812 ἐπαγγελίας,
1367 729 1424 806 είς-

257 838 361 902 ελθείν
377 835 419 912 είς
434 843 488 925 την
503 843 702 903 κατάπαοσαν
717 833 817 912 αὑτοῦ,
842 837 920 923 desp
943 861 988 911 τις
1003 836 1035 911 ἐξ
1059 833 1140 924 ὑμῶν
1162 834 1369 925 ὑστερηκέναι.
1387 875 1424 884 -

257 941 457 1032 Φοβηθιῖνμεν
470 943 569 1006 innuit
581 942 737 1006 sollicitam
759 942 831 1005 mali
855 943 975 1006 carendi
996 961 1104 1017 curam
1125 945 1254 1025 adeoque
1276 944 1355 1006 idem
1375 946 1426 1006 de-

259 1059 353 1124 notat,
375 1052 452 1132 quod
474 1052 711 1138 φυλαττώμεθα
734 1069 898 1117 caveamus.
927 1086 963 1098 -
987 1048 1143 1112 Genitirus
1164 1054 1426 1138 καταλειπομένης

257 1156 439 1240 ἐπαγγελίας
454 1167 499 1220 est
514 1155 658 1239 genitivus
672 1157 826 1220 absolutus
842 1165 873 1220 et
887 1156 992 1220 resolvi
1007 1157 1094 1220 debet
1109 1175 1177 1238 per:
1199 1176 1266 1220 mm
1281 1157 1366 1219 nobis
1380 1176 1426 1218 re-

263 1263 333 1326 licta
355 1263 394 1326 sit
416 1263 575 1345 promissio.
612 1263 774 1345 Apostolus
789 1263 942 1344 distinguit
965 1265 1039 1326 dues
1060 1263 1167 1326 classes
1188 1281 1297 1340 eornm,
1322 1263 1426 1345 quibus

253 1368 410 1452 ‚promissio
426 1371 505 1433 fecta
518 1379 584 1448 est;
599 1370 724 1451 primam
739 1369 919 1433 constituunt
934 1369 1085 1433 israelitae
1106 1369 1136 1432 in
1152 1371 1264 1432 deserta
1287 1367 1331 1453 (οἱ
1352 1375 1426 1455 πρό-

260 1500 345 1562 τερον
368 1473 632 1561 εὐαγγελισθέντες
656 1476 722 1538 vide
744 1476 819 1538 inira
833 1495 862 1538 v.
878 1474 932 1560 6.)‚
955 1475 1004 1557 qui
1025 1485 1143 1558 propter
1164 1475 1321 1544 ἀπείθειαν
1342 1496 1426 1538 suam

258 1603 315 1646 uon
332 1583 503 1646 introierunt
517 1583 547 1646 in
563 1584 708 1666 requiem
723 1583 849 1646 alteram
857 1583 980 1646 classem
991 1582 1238 1657 constituamini,
1253 1600 1306 1663 pro
1322 1583 1427 1664 quibus

251 1709 308 1772 per
323 1711 355 1754 oe
370 1689 495 1754 Doridis
511 1687 554 1776 (v.
571 1688 614 1776 7.)
631 1690 782 1772 promissio
797 1689 852 1752 Dei
867 1709 954 1752 sensu
969 1689 1066 1752 altiori
1081 1689 1235 1752 innovetur
1251 1686 1315 1776 (cir.
1331 1709 1359 1753 v.
1376 1688 1426 1772 8.).

252 1797 333 1861 γΗιιίο
347 1798 435 1880 igitur
449 1799 591 1862 secundae
607 1797 694 1860 classi
709 1795 881 1877 relinquitur
889 1794 1114 1881 (καταλείπεται
1129 1816 1158 1858 u.
1173 1798 1217 1870 1..‚
1233 1795 1427 1862 ἀπολείπεται

254 1925 282 1966 ν.
299 1903 334 1991 6)
351 1905 469 1987 adeptio
484 1904 706 1986 promissionum
716 1903 881 1966 divinarum
890 1923 977 1966 sensu
991 1902 1097 1970 altiori.
1116 1942 1148 1952 --
1167 1899 1297 1988 ὑστερεῖν
1315 1903 1426 1984 proprie

255 2020 354 2076 notat:
371 2011 461 2076 serius
476 2011 582 2086 venire,
605 2011 708 2074 deinde
730 2010 821 2074 etiam
842 2010 970 2084 deiicere,
991 2008 1121 2083 destitui,
1139 2027 1235 2072 curere
1256 2009 1360 2091 aliqua
1381 2027 1425 2084 re;

224 2175 233 2185 .
256 2120 285 2184 h.
302 2119 322 2180 l.
337 2119 416 2200 prior
430 2118 511 2180 verbi
536 2117 708 2199 significatio
731 2117 919 2200 praeferende
944 2125 1006 2194 est;
1028 2115 1180 2198 respicitur
1201 2115 1280 2178 enim
1303 2119 1426 2180 verbum

256 2223 411 2299 siceitatem,
427 2226 504 2306 quod
520 2223 684 2306 praecessit,
708 2233 739 2286 et
762 2222 875 2306 proprie
899 2222 1050 2284 introitum
1071 2221 1188 2297 indicat,
1212 2243 1278 2304 quo,
1301 2223 1351 2305 qui
1374 2245 1427 2286 sua

254 2312 343 2413 culpa
358 2331 498 2393 tardiores
513 2330 641 2406 veniunt,
657 2331 858 2395 excluduntur.
890 2329 1013 2411 Scripsit
1034 2339 1132 2390 eutem
1156 2329 1267 2391 Paulus
1290 2329 1427 2417 (monen-

255 2439 335 2502 tibus
352 2438 580 2523 Tbcoplsylaeto
603 2448 633 2532 et
647 2435 849 2522 Oecumeoio)
873 2437 952 2523 δοκῇ
976 2459 1020 2511 τις
1036 2432 1241 2523 ὑστερηκέναι,
1263 2447 1298 2499 ut
1324 2437 1427 2500 leniret

254 2544 392 2608 orationis
408 2541 605 2612 acerbitatem
614 2541 637 2630 ¹)
852 2561 854 2566 '

343 2673 371 2716 v.
389 2653 419 2718 2.
434 2649 499 2717 Kal
514 2653 573 2737 γὰρ
589 2650 677 2740 ἐσμεν
690 2647 940 2738 εὐηγγελισμένοι,
950 2653 1092 2734 καθάπερ
1102 2647 1245 2715 κάκεῖνοι.
1268 2645 1354 2715 Ἀλλ
1371 2646 1427 2716 οὑκ

257 2758 415 2850 ὠφέλησεν
431 2756 448 2824 ὁ
465 2763 558 2842 λόγος
574 2771 628 2848 της
644 2757 743 2846 ἀκοης
758 2756 899 2832 ἐκείνους,
923 2763 965 2846 μὴ
982 2763 1260 2844 σογκεκερασμένος
1280 2767 1317 2843 τῇ
1334 2762 1428 2821 πίστει

255 2877 316 2933 τοῖς
333 2865 507 2932 ἀκοὺσασιν.
523 2902 557 2912 -
572 2863 781 2948 Εὑαγγελίίειν
797 2863 956 2945 significet:
973 2863 1083 2925 laetum
1098 2863 1234 2926 nuntium
1243 2863 1362 2940 afferre;
1378 2865 1427 2925 sed

255 2974 344 3035 etiam
359 2973 493 3034 nuntiare
509 2970 628 3052 aliquid,
644 2971 818 3052 praedicere,
835 2969 1016 3052 promittere;
1033 2971 1063 3036 h.
1074 2971 1092 3034 l.
1102 2969 1221 3051 passive
1236 2969 1318 3032 verbi
1334 2971 1428 3032 forma
1451 3043 1454 3049 ¹

257 3078 393 3142 adhibita
408 3088 452 3140 est
467 3088 501 3140 ut
515 3099 543 3144 v.
560 3080 599 3152 6.,
615 3079 670 3141 hoo
684 3098 783 3140 sensu:
799 3078 890 3140 etiam
904 3077 989 3142 nobis
1004 3076 1155 3158 promissio
1171 3075 1293 3158 contigit
1298 3096 1308 3154 ;
1323 3097 1428 3158 nempe

256 3206 309 3248 nos
323 3184 501 3265 ingressuros
516 3205 578 3248 esee
593 3182 635 3260 είς
651 3191 704 3274 την
726 3191 912 3253 κατάπαυσιν
935 3181 1027 3250 αὑτοῦ
1051 3181 1130 3268 (coll.
1146 3204 1174 3248 v.
1191 3180 1244 3266 3.),
1259 3183 1336 3246 sicut
1356 3184 1428 3246 olim

256 3291 397 3354 Israelitis
412 3291 442 3354 in
457 3275 579 3355 deserto.
595 3329 638 3339 —
654 3289 671 3356 ὑ
687 3295 779 3374 λόγος
795 3304 850 3381 της
865 3290 963 3379 ἀκοῆς
987 3311 1024 3352 ex
1046 3290 1211 3353 hebraismo
1235 3289 1364 3370 positum
1381 3300 1427 3352 est

255 3417 323 3480 pro:
339 3396 355 3464 ὁ
372 3397 538 3464 ἀκουσθείς
554 3401 654 3481 λὺγσς,
676 3398 778 3460 andita
800 3398 967 3480 promissi03
991 3400 1083 3482 λόγος
1104 3397 1182 3460 enim
1206 3399 1235 3459 h.
1259 3395 1278 3460 l.
1302 3395 1427 3457 denotat

257 3505 478 3587 promissionem
493 3507 528 3568 de
543 3505 728 3587 ingredienda
743 3509 928 3570 καταπαὺσει
943 3515 996 3570 τοῦ
1012 3503 1098 3569 Θεοῦ.
1127 3539 1154 3550 -
1168 3504 1301 3565 Verbum
1316 3525 1427 3584 σογκε-

256 3615 408 3701 ρὰνοσθαι
419 3621 518 3675 notat:
534 3611 718 3685 commisceri,
728 3611 869 3692 coniungi,
879 3620 1035 3692 usurpatur
1044 3610 1175 3692 inprimis
1189 3611 1321 3672 derebus
1337 3609 1428 3690 liqui-

255 3719 308 3794 dis,
324 3739 399 3801 quae
414 3719 489 3781 inter
504 3739 535 3781 se
550 3719 773 3800 permiscentur3
798 3728 845 3780 ast
860 3735 928 3780 vero
951 3717 1041 3780 etiarn
1063 3718 1099 3781 de
1124 3737 1295 3799 quecunque
1310 3715 1427 3779 arctiori

255 3825 462 3891 coniunctione.
494 3827 572 3889 Ioco
587 3831 866 3912 σογκεκεμασμένος
881 3825 981 3905 legunt
996 3824 1082 3886 multi
1091 3823 1201 3886 oodioee
1217 3823 1256 3896 A,
1273 3824 1308 3896 B,
1324 3821 1425 3896 0‚D*‚

257 3933 414 3996 nonnullae
429 3933 574 3995 versiones
595 3942 626 3994 et
647 3932 759 4013 antiqui
778 3932 963 4012 interpretem
986 3936 1290 4017 σογκεκεραομένοος,
1315 3930 1428 4010 hocque

256 4039 443 4122 participium
458 4042 496 4102 ad
511 4057 671 4120 pronomen
687 4038 820 4112 ἐκείνους
841 4040 976 4112 ποίετοιιι,
999 4047 1032 4098 nt
1057 4037 1110 4099 loci
1134 4056 1235 4098 sensus
1249 4035 1303 4097 sit:
1326 4036 1428 4097 audita

253 4147 408 4227 'promissio
421 4147 537 4208 nullum
553 4147 782 4210 emolumentum
797 4145 832 4206 iis
848 4144 958 4217 attulit,
978 4144 1027 4226 qui
1043 4163 1099 4206 non
1114 4159 1167 4226 per
1181 4143 1267 4204 fidem
1283 4142 1428 4204 coniuncti

256 4370 259 4374 ·
294 4385 296 4389 ’
349 4362 609 4442 parentemn
624 4375 641 4424 1.
661 4390 691 4434 a,
710 4373 748 4427 se
767 4373 811 4426 ει.
