3064 4894
290 295 350 358 142
729 295 853 364 exesso
872 293 917 342 11·
937 294 961 342 ⁵-
981 291 1007 345 ⁶-

287 477 416 554 στίριον,
432 474 497 554 περὶ
512 469 553 534 ὧν
569 467 625 534 oba
640 471 702 536 ἔστι
718 482 767 536 νῦν
784 475 880 552 λέγειν
901 475 982 534 κατὰ
998 476 1101 555 μέρος
1119 507 1162 514 -
1181 468 1341 553 Χερουβὶμ
1365 468 1459 552 δόξης,

287 575 441 636 Cherubim
457 576 564 656 gloriae
579 577 694 637 divinae
709 587 838 638 vectores
852 592 922 659 (non
932 587 1033 636 autem
1043 575 1204 636 Cherubim
1218 571 1366 656 gloriosi),
1384 583 1458 633 erant

291 681 398 760 effigies
412 684 556 762 quaedam
572 703 608 744 ex
624 701 702 744 mero
717 702 788 743 auro
803 684 955 754 conflatae,
973 683 1116 744 habentes
1130 681 1205 754 alas,
1229 691 1263 742 ut¹
1285 681 1460 762 quibusdam

287 787 390 868 placet,
406 797 570 868 quaternas,
588 797 620 849 ut
635 787 710 860 aliis,
727 789 819 862 binas,
836 809 910 869 quae
927 789 1043 870 quidem
1060 809 1079 848 a
1095 790 1199 848 dextra
1218 787 1367 866 laevaque
1383 803 1459 848 arcae

284 904 403 966 stantes,
423 893 478 956 alis
493 912 579 976 super
593 894 835 976 propitiatorium,
858 916 916 976 quo
931 913 999 957 arca
1015 897 1176 975 tegebatur,
1200 893 1355 974 expansis,
1378 903 1460 974 atque

288 1000 361 1064 illud
376 999 627 1074 obumbrantibus,
643 1021 673 1062 sc
689 1012 790 1063 mutuo
806 1003 897 1064 versis
912 1002 941 1062 in
965 1001 1061 1083 ipsum
1077 999 1318 1082 propitiatorium
1334 999 1461 1062 vultibus

286 1107 474 1188 aspiciebant.
489 1107 633 1168 Describit
642 1127 692 1170 eas
698 1108 816 1189 Moyses
826 1111 917 1170 Exod.
926 1109 1033 1170 XXV.
1045 1110 1094 1172 18.
1105 1130 1151 1180 ss,
1162 1109 1213 1168 sed
1222 1126 1282 1187 qua
1295 1108 1394 1187 figura
1403 1108 1459 1167 lue

287 1215 352 1288 rint,
367 1216 406 1275 ab
421 1234 455 1276 eo
464 1233 520 1275 non
531 1223 575 1274 est
583 1215 729 1294 proditum
740 1215 894 1298 (Battus).
905 1253 943 1259 --
954 1222 988 1282 τὸ
997 1211 1173 1302 ἱλαστήριον
1184 1223 1249 1274 erat
1257 1213 1369 1275 tabula
1379 1233 1460 1275 aurea

288 1320 1143 1402 parislcngitudinisetlatitudiniscumarculbederis,quam
1154 1320 1459 1401 totamoperiebat-

288 1427 471 1490 Adiectivum
486 1425 660 1516 ἱλαστήριος
678 1428 787 1508 passim
809 1431 844 1490 de
866 1450 900 1490 eo
923 1440 1088 1508 usurpatur,
1111 1430 1188 1508 quod
1212 1427 1272 1488 vim
1299 1428 1397 1488 habet
1412 1447 1459 1488 er-

287 1534 401 1616 piandi;
418 1536 446 1597 b.
464 1532 669 1623 [ἱλαστήριον
686 1535 785 1596 addito
800 1536 923 1598 articulo
939 1536 998 1596 vim
1015 1535 1194 1598 substantivi
1211 1535 1316 1606 habet,
1344 1535 1376 1597 in
1399 1554 1460 1594 ver-

286 1643 364 1704 sione
381 1641 582 1704 Alexandrina
599 1644 677 1702 hebr.
694 1641 801 1704 nomini
818 1652 927 1735 0353,
944 1651 1062 1714 tectum,
1072 1642 1241 1724 operculum
1250 1641 1459 1724 respondentis

289 1769 398 1829 Versus
413 1767 577 1848 operculum
594 1785 677 1829 arcae
693 1766 813 1830 foederis
834 1767 990 1846 quotannis
1012 1766 1058 1828 die
1080 1765 1257 1846 expiationis
1280 1766 1388 1847 populi
1411 1786 1460 1826 cx-

289 1875 385 1955 piandi
401 1894 489 1936 cauea
505 1873 639 1936 victimae
655 1875 771 1953 sangnis
787 1894 805 1932 a
821 1873 955 1953 pontifice
970 1875 1178 1954 spargebatur;
1202 1891 1291 1954 super
1315 1875 1373 1936 hoc
1388 1872 1459 1933 enim

289 1981 421 2064 operculo
436 1991 577 2060 tanquam
588 1982 691 2042 throno
701 1981 820 2040 sedebat
831 1979 920 2040 veluti
931 1979 985 2040 Dei
998 1979 1145 2052 maiestas,
1161 1989 1281 2060 eratque
1293 1979 1371 2041 illud
1381 1997 1460 2060 oper-

289 2090 385 2150 culum
402 2088 511 2169 gratiae
527 2087 643 2148 divinae
661 2087 834 2167 symbolum.
865 2088 938 2148 lam
954 2107 1020 2148 cum
1035 2088 1158 2148 verbum
1173 2107 1255 2192 app,
1267 2086 1460 2166 quodincon-

287 2213 342 2293 iug.
370 2211 436 2274 Kal
457 2213 575 2272 denotat
609 2221 711 2290 tegere,
735 2211 763 2270 in
787 2211 897 2290 coniug.
922 2210 995 2272 Piel
1017 2210 1158 2292 significet
1180 2209 1311 2291 expiare,
1336 2209 1459 2289 placare,

291 2322 366 2381 hanc
381 2317 517 2402 expiandi
529 2317 673 2379 notionem
684 2319 853 2396 interpretes
863 2316 1057 2378 Alexandrini
1067 2325 1230 2390 tenuerunt,
1247 2325 1278 2375 et
1290 2316 1460 2396 plerumque
1512 2319 1513 2394 l

289 2436 386 2520 mil}
405 2422 770 2512 reddideruntiltaccr'pptoo
786 2427 823 2485 ad
833 2424 1052 2504 significandum
1062 2422 1227 2504 operculum
1243 2441 1330 2484 arcae
1342 2421 1460 2484 lbederis
1512 2409 1513 2480 l

289 2551 528 2632 propitiatorium,
553 2585 596 2595 -
612 2551 727 2610 Verba:
751 2554 816 2634 περὶ
832 2548 872 2614 ὧν
888 2571 917 2612 ιι.
934 2573 958 2612 τ.
975 2552 1003 2613 λ.
1030 2548 1126 2608 rol'erri
1149 2550 1257 2609 debent
1282 2549 1321 2608 ad
1347 2567 1459 2608 omnem

288 2658 532 2721 enutrierationem
557 2657 730 2719 obiectorum
755 2677 774 2716 a
789 2676 816 2716 v.
834 2659 862 2721 2.
886 2675 976 2736 usque
992 2657 1030 2716 ad
1045 2656 1092 2730 b.;
1116 2656 1151 2716 de
1173 2653 1252 2716 omni
1278 2652 1460 2718 tabernaculi

287 2776 449 2848 apparatu3
464 2768 500 2828 de
515 2764 634 2826 obiectis
650 2763 769 2841 singulis
785 2781 939 2842 eorumque
956 2761 1163 2842 significatione
1186 2760 1360 2840 singulatim
1387 2759 1460 2840 loqui

287 2874 434 2954 apostolus
449 2871 550 2933 noluit.
1512 2913 1513 2964 ρ

377 3036 404 3080 ν.
419 3019 448 3084 6.
466 3010 587 3079 Tabana
604 3014 635 3076 δὲ
653 3008 730 3076 obeo
741 3017 1033 3096 κατεσκευασμένων,
1051 3007 1092 3082 εἰς
1108 3014 1161 3094 μὲν
1172 3014 1224 3096 τὴν
1241 3014 1366 3094 πρώτην
1384 3032 1458 3094 σιτη-

290 3129 341 3211 νὴν
358 3125 516 3194 διαπαντὸς
531 3117 651 3185 elciaco
668 3115 695 3183 οἱ
710 3116 806 3204 ἱερεῖς,
824 3123 878 3192 τὰς
895 3114 1035 3202 λατρείας
1052 3115 1264 3188 ἐπιτελοῦντες,
1282 3151 1324 3158 -
1335 3115 1458 3186 Auctor,
1512 3139 1513 3142 ¹

289 3251 353 3294 cum
369 3229 429 3291 iam
443 3231 478 3290 de
495 3225 672 3288 tabernaculi
688 3234 831 3287 structura
847 3225 963 3304 eiusque
979 3221 1112 3305 partibus
1127 3221 1270 3294 disseruit,
1294 3241 1373 3285 ιιιιιιτ
1387 3222 1460 3282 illud

288 3338 343 3400 sibi
358 3337 541 3422 tractandum
557 3344 586 3395 et
603 3333 848 3412 interpretandum
865 3329 962 3401 sumit,
978 3331 1054 3410 quod
1070 3331 1107 3389 ad
1124 3347 1208 3389 suum
1219 3329 1378 3408 spectabat
1392 3349 1463 3390 oon-

289 3445 395 3517 silium‚
411 3463 468 3526 quo
483 3441 618 3504 nimirum
642 3439 708 3502 vult
729 3440 878 3500 ostendere
901 3436 1004 3498 veteris
1026 3433 1176 3497 sacerdotii
1201 3433 1413 3506 infirmitatem,
1433 3449 1462 3494 ut

289 3573 395 3616 novum
419 3549 526 3612 Christi
559 3546 749 3612 sacerdotium
764 3532 904 3606 stabiliat
934 3539 1084 3626 (Esaias).
1108 3576 1152 3586 —
1175 3541 1317 3601 Praesens
1340 3536 1464 3605 εἰσίασιν

289 3659 395 3741 (prouti
412 3668 441 3721 et
457 3662 618 3742 προσφέρει
634 3676 661 3716 ν.
680 3653 723 3738 l.)
741 3652 875 3723 ostendit,
891 3649 1002 3712 cultum
1012 3647 1174 3710 Mosaicum
1189 3655 1319 3727 tempore
1335 3647 1463 3727 apostoli

288 3769 383 3830 adhuc
406 3765 539 3846 viguisse,
556 3799 599 3809 -
616 3761 754 3824 Formula
777 3763 830 3832 τὰς
854 3761 993 3843 λατρείας
1017 3754 1220 3826 ἐπιτελοῦντες
1243 3762 1327 3814 ructat
1350 3753 1380 3813 h.
1397 3753 1419 3818 l,
1437 3754 1464 3814 in
1512 3751 1513 3842 l

288 3894 389 3958 genere
404 3873 499 3938 cultus
516 3869 604 3933 divini
623 3867 781 3930 rniuisteria
796 3887 814 3927 a
830 3863 1027 3928 sacerdotibus
1043 3861 1171 3942 quotidie
1193 3859 1223 3920 in
1246 3857 1358 3922 Sancto
1374 3862 1464 3941 perfi-
1512 3847 1513 3878 l

288 3984 395 4046 cienda.
429 3981 518 4041 Mane
534 3977 668 4039 nimirum
684 3985 714 4036 et
729 3991 847 4054 vespere
863 3971 902 4032 ibi
919 3971 1019 4032 odores
1042 3969 1070 4030 in
1095 3966 1181 4028 altari
1204 3966 1283 4028 thuri
1307 3969 1464 4029 cremando
1512 3965 1513 4040 l

291 4088 437 4154 destinato
460 4086 658 4154 incendebant,
681 4081 886 4144 candelabrum
916 4079 1058 4139 curabant
1079 4085 1109 4136 et
1130 4073 1250 4155 singulis
1275 4074 1414 4136 sabbatis
1437 4074 1462 4133 in

293 4217 393 4259 mensa
408 4212 490 4257 sacra
514 4212 604 4273 panes
626 4190 822 4270 apponebant.
847 4222 889 4232 --
907 4187 1065 4256 διαπαντός
1087 4181 1146 4242 scil.
1163 4183 1284 4268 χρόνον,
1310 4199 1363 4260 per
1379 4201 1463 4242 omno
1512 4199 1513 4254 ι

289 4315 416 4387 tempus,
432 4298 566 4381 quotidie,
583 4296 737 4378 opponitur
754 4295 842 4356 verbo
858 4290 938 4384 ἅπαξ
954 4293 981 4353 in
999 4308 1084 4351 versu
1100 4308 1158 4370 seq.
1228 4309 1232 4312 ·
