3094 4892
571 363 709 425 masaa
726 357 761 414 n.
782 344 858 412 1-a.
1256 363 1304 430 -53

133 541 275 602 iustitiam
301 551 330 601 et
352 539 494 602 aversaris
517 538 720 620 iniquitatem
750 549 899 620 propterea
923 549 960 612 te,
984 560 1001 600 o
1025 541 1105 600 Deus
1125 537 1192 611 Fili,
1215 540 1294 601 Deus

137 647 227 707 Pater
242 655 309 708 tuus
332 645 439 726 largius
459 645 550 726 gloria
572 655 601 706 et
623 645 761 708 felicitate
783 644 905 718 ornavit,
928 664 1016 726 qnam
1039 663 1138 706 omnes
1160 645 1239 724 regui
1261 645 1303 706 tui

136 752 221 819 cives,
252 753 291 813 ht
314 751 373 813 alio
395 751 458 814 loco
481 753 519 813 ad
541 751 648 813 Filium
670 751 738 814 dicit
761 751 923 832 Scriptura:
946 752 993 812 Tu
1014 751 1137 814 Domine
1161 754 1200 812 ab
1222 751 1303 813 initio

136 857 266 920 omnium
282 875 379 918 rerum
390 865 498 918 terram
508 858 619 934 creasti,
635 868 746 939 etopus
761 857 890 919 infinitae
903 867 971 919 tuae
980 857 1126 938 potentiae
1141 866 1209 920 snut
1217 857 1303 931 coeli;

135 963 190 1044 ipsi
206 965 406 1037 mutabuntur,
422 973 454 1025 tu
470 973 572 1026 autern
587 966 617 1026 in
633 965 733 1027 eodem
743 981 855 1044 semper
870 973 949 1025 statu
963 963 1175 1044 perseverabis3
1191 973 1221 1024 et
1230 964 1303 1026 sicut

136 1069 227 1131 vestis
241 1069 357 1132 assiduo
384 1091 437 1132 usu
457 1079 487 1131 et
508 1080 637 1150 tempore
659 1069 819 1142 veterascit,
842 1084 874 1131 ut
896 1070 1014 1150 proinde
1037 1071 1168 1132 renovari
1189 1071 1303 1144 debeat,

133 1177 176 1238 ita
191 1187 221 1238 et
237 1177 348 1239 coelum
363 1157 408 1238 ¹ac
422 1185 499 1238 terra
515 1179 714 1250 mutabuntur,
736 1195 843 1238 novum
858 1177 970 1238 eoelum
993 1185 1023 1238 et
1042 1195 1118 1238 nova
1140 1185 1217 1238 terra
1232 1195 1300 1257 pro·

134 1283 218 1356 dibit,
233 1293 266 1344 tu
277 1292 375 1344 autem
386 1299 498 1362 semper
513 1292 542 1343 et
551 1281 742 1344 immutabilis
752 1303 782 1343 es
792 1293 821 1342 et
830 1283 861 1342 in
870 1291 1020 1344 aeteruum
1029 1281 1155 1344 durabis.
1175 1283 1299 1344 Nullum

134 1389 258 1470 denique
273 1388 441 1469 angelorum
455 1389 535 1450 Deus
549 1388 593 1450 ita
607 1389 751 1451 allocutus
765 1397 824 1449 est:
840 1397 902 1449 esto
920 1387 1065 1469 particeps
1080 1387 1226 1468 regiminis
1235 1387 1301 1462 mei,

136 1497 227 1557 donec
241 1513 340 1556 omnes
355 1493 484 1556 inimicos
504 1503 570 1557 tuos
592 1495 635 1556 ita
649 1493 704 1554 tibi
719 1492 873 1566 subiecem,
895 1503 928 1554 ut
950 1493 1008 1554 sint
1032 1493 1114 1574 quasi
1138 1494 1299 1556 scabellum

135 1599 258 1682 pedibus
273 1599 331 1661 tuis
346 1583 532 1675 calcandum
548 1601 598 1661 sed
613 1617 711 1662 eorum
728 1597 910 1683 (angelornm
925 1595 1045 1682 scilieet)
1067 1597 1165 1679 potius
1180 1608 1224 1660 est
1238 1599 1300 1660 Deo

133 1705 311 1780 ministrare3
326 1723 438 1786 semper
453 1705 531 1766 enirn
545 1704 709 1778 mittuntur,
725 1714 758 1766 ut
773 1721 891 1784 operam
905 1713 1052 1784 praestent
1060 1703 1234 1780 hominibus,
1250 1703 1300 1783 qui

133 1809 301 1873 felicitatem
317 1829 472 1892 perennem
487 1810 665 1874 consecuturi
680 1820 757 1874 sunt.
1062 1807 1073 1826 “

633 2010 745 2080 flootlo
768 2014 798 2066 2.

175 2145 261 2209 Tali
283 2145 444 2218 doctori,
466 2146 595 2226 qualis
617 2154 674 2206 est
695 2143 888 2217 Christus,
916 2145 1170 2242 obsequenter
1193 2153 1253 2205 est

606 2251 820 2332 parendum.

586 2390 657 2474 Cap.
682 2393 721 2454 II.
747 2392 840 2456 1-4.

218 2531 336 2604 Auctor,
359 2552 434 2612 quae
456 2531 593 2612 superiori
615 2533 709 2612 capite
731 2532 814 2606 dixit,
835 2532 966 2614 applicat
987 2533 1025 2594 ad
1047 2531 1277 2594 exhortationem
1288 2553 1296 2607 ;

129 2637 237 2700 Christi
254 2638 345 2718 legem
361 2637 469 2700 scilieet
484 2647 572 2717 atque
588 2638 747 2700 doctrinam
763 2638 852 2700 semel
862 2648 1028 2718 susceptam
1043 2657 1105 2700 esse
1113 2637 1293 2702 retinendam

127 2745 211 2823 eique
225 2743 345 2806 firmiter
359 2744 583 2805 adhaerendum.

218 2887 244 2927 v.
264 2869 290 2931 1.
306 2864 365 2930 Διὰ
380 2875 467 2932 τοῦτο
483 2869 528 2931 δεῖ
540 2873 761 2952 περισσοτέρως
776 2867 858 2955 ἡμᾶς
867 2873 1025 2953 προςέχειν
1034 2839 1096 2942 tols
1106 2866 1294 2941 ἀκουσθεῖσι,

128 2982 171 3061 μή
186 2995 259 3038 ποτε
274 2969 500 3057 παραῤῥιιῶμεν.
517 2971 629 3036 -Διὰ
645 2982 732 3038 τοῦτο
748 2973 864 3053 respicit
882 2973 1137 3052 adpraeoedentia,
1154 2973 1296 3054 inquibus

127 3071 236 3142 dictum
251 3081 359 3140 fuerat:
375 3079 581 3140 revelationem
597 3079 635 3139 N.
646 3079 679 3139 T.
696 3098 738 3152 eo,
754 3081 830 3160 quod
846 3065 1025 3158 unigenitum
1041 3079 1096 3141 Dei
1112 3079 1219 3141 Filium
1236 3081 1292 3142 im-

129 3185 289 3246 mediatum
305 3185 415 3245 habeat
430 3194 584 3257 auctorem,
609 3184 748 3246 immense
770 3184 941 3246 antecellere
963 3185 1130 3248 relevationi
1145 3189 1185 3249 V.
1201 3187 1235 3246 T.
1253 3223 1292 3233 -

127 3297 286 3376 προςὲχειν
302 3299 385 3350 notat
408 3293 564 3362 attendere,
587 3289 717 3352 animum
734 3292 882 3352 advertere
897 3292 935 3352 ad
951 3291 1110 3354 doctrinam
1126 3290 1234 3353 Christi
1245 3313 1295 3354 seu

126 3395 320 3476 Evangelium
338 3393 416 3478 (τοῖς
431 3394 634 3481 densabatur),
650 3396 700 3469 ita,
717 3407 750 3458 nt
765 3415 840 3476 qnae
855 3394 996 3458 credenda
1012 3397 1155 3478 proponit,
1177 3397 1296 3460 firmiter

125 3504 287 3574 credantur,
303 3519 380 3582 puae
395 3503 577 3563 observanda
593 3501 740 3582 praecipit,
755 3502 906 3582 diligenter
924 3505 1118 3570 observentur.
1127 3502 1295 3590 -παρᾳῤ-

125 3607 241 3694 pompat
257 3615 301 3668 est
328 3605 398 3667 coni.
422 3623 480 3668 aor.
497 3609 526 3672 2.
548 3597 635 3687 pass,
650 3606 855 3687 significatione
871 3618 969 3670 antem
992 3609 1088 3672 activa
1103 3629 1122 3670 a
1136 3609 1231 3672 radice
1246 3611 1293 3670 vel

126 3713 253 3784 insolita,
270 3710 318 3772 vel
333 3712 439 3772 saltem
454 3731 511 3774 non
534 3713 605 3774 satis
620 3721 706 3786 certa,
730 3713 932 3776 verosimiliter
947 3733 966 3775 a
980 3710 1141 3800 παραῤῥέω
1164 3724 1294 3795 praeter-

127 3819 194 3890 fluo,
210 3817 423 3898 praeterlabor;
439 3817 468 3879 h.
484 3819 504 3879 l.
520 3827 618 3880 autem
634 3804 754 3882 denotat
768 3819 978 3900 metaphorice:
994 3819 1103 3892 deficio,
1118 3830 1148 3881 et
1156 3837 1207 3900 per
1222 3839 1292 3881 oon-

127 3943 267 4003 sequens:
284 3940 385 4002 pereo;
401 3922 497 4002 imago
513 3926 646 3986 desumto
661 3934 705 3986 est
720 3928 759 3988 ab
774 3945 852 4005 aqua
867 3925 1018 3998 defluente,
1034 3943 1122 4004 quam
1137 3925 1188 3986 ubi
1204 3927 1292 3986 semel

130 4027 680 4110 defluxeritimpossibileestcolligore.
706 4029 814 4092 Sensus
823 4040 882 4092 est:
898 4050 934 4091 ne
942 4031 1015 4092 forte
1023 4047 1174 4110 pereamus
1183 4033 1293 4114 absque

125 4133 317 4215 reparationis
333 4153 384 4213 spe
401 4129 552 4219 (Estins).
584 4138 672 4197 quta
694 4135 768 4198 ulios
790 4146 886 4196 autem
910 4137 1029 4198 denotat
1042 4131 1218 4221 παραῤῥὲωτ
1241 4138 1293 4198 de-

126 4242 194 4316 flno,
211 4259 319 4301 vesano
334 4256 418 4300 cursu
433 4240 573 4320 abreptus
589 4243 770 4321 praetervolo
785 4251 853 4302 ante
869 4241 994 4302 salutem
1016 4243 1140 4322 gratiose
1153 4243 1293 4308 oblatam.

124 4345 232 4408 Sensus
247 4354 291 4407 est
306 4344 393 4407 idem.
