3110 4882
265 327 309 394 ‘14
687 326 814 392 uspiano
831 326 879 378 111.
900 323 1011 380 11-13.

354 525 382 566 v.
401 505 449 570 11.
466 503 508 579 ὥς
523 504 629 591 ὤμοσα
646 503 677 569 ἐν
693 515 730 590 τῇ
748 502 825 590 ὀργῇ
842 524 909 591 μου·
940 503 965 570 ei
981 503 1195 580 εὶςσλώσονται
1211 503 1253 580 εἰς
1268 496 1434 596 sigranci-

264 617 369 676 ncoclv
384 633 453 698 peo-
481 645 511 658 -
529 612 677 676 Particuls
693 610 735 686 d<
752 609 847 696 (hebr.
864 613 961 721 epig)
977 611 1074 694 posita
1082 621 1128 676 est
1143 629 1194 694 pro
1203 613 1287 687 ὣςτε,
1302 613 1345 676 ita
1361 622 1401 676 ut
1409 611 1432 696 ¹)

268 771 301 782 -
324 737 484 800 Patarea
498 736 626 818 repexo
640 738 678 799 su
692 755 737 812 o,
752 757 827 818 quas
842 737 922 799 neus
936 708 1024 798 uum.
1047 737 1135 799 xrv.
1157 737 1289 805 err-35
1310 737 1431 810 enen

263 852 446 908 contumaces
461 844 597 907 uimimm
613 843 773 917 Israeliten,
789 844 839 924 qui
854 861 920 905 eum
935 843 1022 906 toties
1037 843 1068 906 in
1082 845 1195 908 deserto
1210 843 1360 916 tentamur,
1375 863 1430 906 uon

266 970 331 1012 esee
343 951 521 1033 ingressuros
534 951 564 1014 in
580 959 687 1018 terrem
703 951 885 1033 promissam,
907 952 958 1014 sed
979 969 1079 1016 omnes
1104 951 1132 1013 in
1148 951 1248 1014 itinere
1270 949 1430 1016 morituros.

262 1093 306 1102 —-
321 1055 504 1124 Particuleel
513 1059 714 1141 correspondet
722 1059 803 1122 hebr.
820 1079 884 1149 023,
899 1077 988 1140 qnam
1003 1077 1103 1122 vocem
1111 1057 1240 1122 Hebraei
1249 1057 1430 1124 iureiurando

264 1181 375 1264 aliquid
388 1181 522 1272 ¹negaturi
537 1183 694 1256 ¹adhibent,
716 1200 871 1264 suppressa
895 1182 1110 1264 imprecationis
1132 1183 1273 1246 formula:
1289 1201 1337 1245 me
1352 1185 1430 1245 Deus

262 1289 375 1370 puniet,
391 1309 441 1352 sen
450 1289 532 1352 mala
540 1291 661 1371 quaevis
669 1289 831 1372 perpetier3
846 1307 912 1352 cum
927 1307 995 1354 vero
1004 1291 1085 1352 Deus
1094 1289 1263 1371 ipseiurans
1278 1289 1429 1362 inducitur,

261 1396 431 1460 ommiesnm
446 1405 504 1459 est:
521 1415 579 1459 nou
594 1415 643 1460 ero
657 1407 761 1479 potens
775 1395 900 1460 Jebova
925 1395 983 1459 Sed
993 1398 1170 1478 potesthaec
1185 1396 1427 1478 pmtieulaetiem

263 1503 396 1585 negative
412 1503 553 1579 adhiberi,
569 1505 642 1566 etis
660 1505 678 1569 l.
694 1503 842 1568 commode
857 1501 980 1586 exprimi
995 1521 1061 1584 per:
1077 1509 1149 1576 non,¹
1159 1522 1317 1584 uunquam,
1339 1503 1383 1565 ita
1399 1513 1430 1565 ut
1534 1547 1536 1578 ,

262 1610 345 1674 nulls
360 1611 543 1694 suppletione
558 1631 632 1694 opus
646 1611 692 1675 sit
699 1612 724 1696 ²)
740 1645 784 1657 —
801 1611 986 1674 Vocabulum
1008 1617 1196 1684 κατάπαυσις
1218 1611 1247 1674 lt
1264 1611 1283 1672 l.
1298 1609 1431 1691 designat

260 1717 388 1800 quietam
405 1727 497 1782 terroe
513 1717 655 1782 Obanaan
671 1717 889 1800 possessionem.
920 1719 984 1782 Hoc
999 1737 1084 1780 seusu
1099 1717 1219 1780 occurrit
1240 1717 1270 1778 in
1286 1721 1429 1782 Deutero-

259 1825 356 1890 nomio
372 1823 459 1910 (XII.
476 1822 536 1911 9.):
554 1825 684 1906 ,Nepos
705 1827 790 1888 euim
812 1844 909 1905 usque
930 1827 967 1888 in
985 1844 1136 1908 praeseus
1158 1834 1279 1908 ternpus
1299 1825 1429 1886 cedros

261 1932 305 1994 od
318 1933 458 2012 requiem
475 1940 504 1996 et
514 1933 741 2016 possessionem
764 1927 819 2014 (εἰς
834 1936 887 2019 τὴν
903 1936 1090 1998 κατάπαυσιν
1110 1935 1162 1996 ναὶ
1177 1928 1219 2005 εἰς
1235 1936 1287 2019 τὴν
1308 1933 1427 2017 κληρο-

259 2033 388 2124 νομίαν),
403 2057 501 2120 quom
517 2038 683 2104 Dominus
699 2039 793 2102 Deus
808 2045 908 2104 otemr
923 2039 1061 2102 daturus
1076 2047 1121 2102 est
1134 2040 1252 2104 vobis⁸.

347 2164 376 2210 v.
395 2145 445 2210 12.
461 2142 595 2212 Βλέπετε
611 2144 747 2232 ἀδελφοὶ,
764 2151 893 2231 μήποτε
909 2144 992 2210 ἔσται
1007 2144 1038 2210 ἔν
1054 2167 1108 2212 τινι
1123 2140 1204 2230 bps'rv
1214 2146 1324 2230 καρδία
1332 2166 1428 2231 πονη-

258 2255 300 2337 ρὰ
313 2248 455 2328 ἀπονίας
468 2250 499 2321 ἐν
515 2263 556 2337 τῷ
572 2250 738 2339 ἀποστῆναι
761 2251 821 2316 ἀπὸ
843 2250 922 2318 Θεοῦ
945 2256 1062 2326 ζῶντος·
1087 2287 1129 2296 -
1152 2251 1314 2334 Apostolus
1337 2253 1429 2314 verba

258 2357 366 2440 psalmi
382 2357 462 2420 citati
479 2360 518 2420 ed
532 2358 724 2423 mnditionem
739 2357 878 2422 lectorum
893 2375 1011 2422 suorum
1035 2359 1089 2422 hoc
1110 2375 1195 2422 versu
1216 2369 1246 2422 et
1266 2378 1347 2440 sequ.
1371 2380 1428 2440 ap-

256 2465 347 2547 plicat
362 2475 393 2528 et
408 2485 457 2528 eos
472 2464 557 2528 cuine
571 2465 706 2528 hunnus
727 2467 766 2528 ed
787 2465 1016 2530 meditandam
1038 2475 1068 2528 et
1090 2467 1317 2530 conservandam
1340 2467 1428 2531 iidem

257 2573 286 2636 in
302 2571 450 2634 Christum
466 2572 571 2647 Deum
586 2591 622 2633 ne
638 2570 772 2634 cordibus
787 2572 848 2634 suis
871 2581 971 2636 eunus
993 2570 1204 2634 misericordem
1225 2571 1281 2636 Dei
1301 2573 1429 2657 gretiam

256 2681 476 2744 obdurescentes
491 2687 520 2740 et
535 2677 662 2740 salutem
677 2677 880 2762 benignissime
900 2677 1038 2758 oblatum
1046 2687 1214 2760 respuentes
1236 2678 1354 2742 divinae
1369 2679 1429 2742 irae

256 2786 396 2850 ultionem
411 2784 581 2848 acerrimam
604 2784 798 2866 experiamur.
814 2821 857 2832 -
874 2785 1008 2848 Pluresis:
1025 2786 1158 2870 βλέπετε,
1183 2793 1225 2874 μή
1247 2808 1321 2852 ποτε
1342 2787 1427 2853 ἔσται

257 2911 324 2956 vere
333 2891 461 2956 Paulina
475 2901 520 2954 est
530 2889 593 2972 (cir.
603 2890 665 2954 Col.
675 2891 714 2954 Π.
726 2889 786 2976 8.);
802 2890 975 2954 indicativus
990 2891 1074 2958 ἔσται
1089 2901 1156 2974 post
1171 2899 1213 2982 μή
1229 2915 1300 2958 ποτε
1310 2893 1429 2968 iudicat,

256 2999 415 3080 periculum
430 2997 595 3063 defectionis
610 3007 640 3059 et
648 2998 847 3062 obdmatiouis
856 3016 957 3080 reapse
966 2998 1123 3073 imminere,
1134 2999 1192 3062 imo
1201 2997 1313 3064 instans
1322 3021 1394 3064 esse.
1401 2999 1426 3085 ³)

256 3139 299 3152 -
314 3105 416 3168 Verba
430 3101 540 3190 καρδία
555 3108 674 3192 πονηρὰ
689 3103 826 3180 ἀπιστίας
841 3103 994 3186 designant
1015 3123 1062 3168 cor
1077 3114 1194 3188 proptor
1215 3105 1427 3188 corruptionem

181 3271 187 3284 ,
255 3229 338 3276 suam
353 3213 392 3276 ad
407 3211 638 3274 incredulitatem
660 3233 691 3274 se
706 3211 849 3276 inclinans
856 3233 865 3288 ;
888 3213 1031 3294 corruptio
1056 3211 1134 3276 enim
1157 3212 1249 3276 cordis
1271 3225 1427 3276 causaest

256 3315 888 3404 rnomueuansacuereeaonnsaue(en.
905 3316 1183 3405 R0m1.21.).-
1193 3299 1347 3382 museum
1362 3340 1427 3384 em-

257 3423 342 3508 phasi
359 3429 424 3500 ζῶν,
439 3424 550 3500 vivens,
565 3424 676 3500 dicitm,
692 3434 792 3508 utpote
814 3425 864 3508 qui
887 3424 1037 3489 hominum
1052 3425 1166 3490 actibus
1187 3425 1322 3507 invigilat
1343 3429 1427 3490 etad
1531 3515 1532 3518 Ἴ

254 3531 458 3596 vindicandam
481 3531 626 3594 malorum
648 3531 866 3614 improbitatem
889 3541 938 3596 sat
958 3542 1062 3614 potens
1077 3542 1135 3608 est;
1165 3535 1245 3596 Deus
1266 3532 1353 3616 enim,
1368 3554 1426 3598 uon

253 3636 385 3714 irridetm
400 3638 463 3715 (cfr.
479 3637 548 3704 Gal.
563 3639 624 3712 VI,
636 3637 688 3719 7.).

346 3766 373 3808 ν.
392 3747 440 3812 13.
458 3744 543 3812 ἀλλὰ
558 3747 761 3831 παρακαλεῖτε
784 3743 910 3818 ἑαυτοὺς
932 3742 1009 3811 καθ’
1033 3743 1162 3832 ἑκάστην
1185 3745 1309 3833 ἡμέραν,
1333 3744 1426 3832 ἄχρις

255 3850 290 3917 οὖ
307 3857 340 3918 τὸ
357 3861 487 3942 σήμερον
503 3855 649 3926 καλεῖται,
661 3849 712 3917 ἵνα
728 3857 770 3940 μὴ
787 3853 968 3938 σκληρυνθῇ
985 3850 1017 3926 ἐξ
1032 3848 1114 3937 ὑμῶν
1130 3876 1174 3928 τις
1190 3850 1293 3937 ἀπάτῃ
1315 3865 1371 3940 τῆς
1386 3852 1425 3919 oi-

250 3964 390 4043 μαρτίας.
407 3993 449 4003 -
462 3954 580 4044 Ἀχρις
596 3955 631 4022 oir
647 3961 681 4022 τὸ
697 3963 827 4044 σήμερον
837 3959 984 4032 καλεῖται,
999 3957 1137 4043 quamdiu
1147 3958 1221 4020 illud
1235 3957 1331 4022 Hodie
1341 3959 1425 4024 vobis

345 4168 364 4236 ¹)
383 4170 432 4221 Cir.
460 4167 546 4218 Winer·
563 4171 674 4220 Grsmm.
694 4171 761 4220 suu.
780 4167 818 4230 7.;
836 4167 874 4222 st
892 4169 953 4224 431.

344 4255 364 4324 ²)
383 4257 433 4307 Cir.
452 4255 596 4308 Rumam
614 4257 723 4308 (immun.
743 4259 786 4309 des
804 4265 910 4310 neutut
930 4257 1107 4330 Sprschgebr.;
1126 4258 1163 4312 St.
1182 4256 1243 4310 308.

344 4343 364 4410 ³)
383 4345 432 4397 err.
459 4344 543 4395 Ἦσαν·
560 4347 682 4404 Grsmm„
701 4348 766 4397 Anu.
785 4345 819 4405 7.,
839 4345 875 4397 St.
893 4343 946 4398 468
966 4349 984 4400 f.
