3096 4886
545 323 670 392 Expositlo
695 323 727 380 X.
747 323 825 376 2-5.
1206 325 1269 392 159

102 505 160 575 IX
176 509 220 584 9.)
236 502 369 568 dicuntur
384 507 585 590 lorpebovcec.
603 539 643 550 -
661 508 816 571 τελειῶσαι
832 506 968 566 denotat:
984 505 1123 584 perfectos
1138 504 1269 578 reddere3

102 615 120 675 i.
137 633 160 674 e.
176 613 300 693 perfecte
315 611 441 691 expiare,
457 612 547 674 iustos
562 621 591 671 ct
607 623 721 674 sanctos
737 611 853 674 efficere.

192 739 218 780 v.
236 721 264 783 2.
288 715 373 782 Ἐπεὶ
396 715 452 783 oda
476 717 512 782 ἂν
535 716 703 782 ἐπαὺσαντο
726 723 971 802 προςρερόρεναι,
996 717 1045 780 διὰ
1068 720 1101 780 τὸ
1124 717 1268 802 μηδεμίαν

101 827 182 912 ἔχειν
190 825 233 890 ἔτι
241 825 403 910 συνείδησιν
414 822 566 909 ἁμαρτιῶν
582 827 651 898 τοὺς
667 827 866 907 λατρεῦοντας
876 821 1262 908 ἄπαξκεκαθαρισμὲνους;

102 966 146 977 -
164 931 324 1011 Apostolus
339 931 452 1010 probat,
468 932 543 1010 quod
560 950 586 990 v.
606 932 632 994 1.
648 931 845 991 affirmaverat
881 967 893 972 -
922 929 979 989 Pro
994 926 1056 992 ἐπεὶ
1072 925 1128 992 οὐκ
1143 927 1179 993 ἄν
1195 947 1269 988 non-

102 1035 176 1097 nulli
191 1035 256 1096 libri
274 1033 426 1120 (Recepta,
442 1032 544 1118 Vulg.)
561 1036 685 1097 habent:
702 1035 765 1099 ἐπεὶ
781 1034 833 1108 ἄν;
855 1035 904 1094 sed
921 1034 997 1113 prior
1020 1033 1101 1096 lectio
1117 1043 1161 1096 est
1178 1051 1264 1114 prae-

102 1142 226 1202 ferenda
259 1141 367 1203 Sensus
387 1141 503 1221 quidem
532 1139 609 1204 idem
632 1151 732 1202 manet
755 1161 813 1201 una
835 1140 964 1201 alterave
987 1139 1106 1200 lectione
1129 1148 1268 1212 assumta,

101 1248 301 1328 interrogando
316 1257 429 1308 autem:
446 1267 539 1309 noune
555 1246 706 1309 desiissent
721 1245 980 1308 sacrificiooffcrri?
996 1244 1087 1306 oratio
1097 1245 1130 1305 lit
1139 1245 1268 1307 vividior.

103 1356 256 1414 Praeterea
271 1354 324 1414 illa
333 1353 418 1416 lectio
429 1353 457 1415 in
468 1354 585 1444 optimis
595 1355 736 1434 reperitur
744 1352 896 1424 codicibus,
912 1371 975 1412 earn
986 1351 1075 1412 secuti
1085 1361 1152 1412 sunt
1170 1353 1269 1414 Theo-

99 1461 267 1543 phylcctaa
283 1457 543 1544 et'Occtcmenc'ue,
567 1469 596 1522 et
611 1461 810 1541 approbarunt
830 1457 918 1519 critici
941 1457 1108 1518 celebriores
1125 1453 1268 1540 (Lochm.

101 1575 131 1628 et
146 1566 328 1647 mellend).

190 1691 219 1736 v.
235 1675 263 1738 3.
280 1669 374 1736 Ἀλλ’
391 1671 421 1736 ἐν
438 1668 542 1746 αὐταῖς
557 1671 723 1758 ἀνάμνησις
739 1670 891 1757 ἁμαρτιῶν
906 1667 974 1734 κατ’
991 1668 1131 1735 ἐνιαυτόν.

194 1799 221 1840 v.
237 1780 266 1842 4.
283 1775 451 1844 Ἀδὺνατον
473 1783 541 1862 γὰρ,
558 1777 633 1865 αἱμα
655 1781 770 1861 ταὺρων
794 1781 845 1840 καὶ
867 1783 984 1860 τράγων
1007 1775 1142 1862 ἀφαιρεῖν
1168 1775 1266 1865 ἁμαρ-

100 1891 174 1957 τίας.
192 1921 233 1928 -
250 1884 398 1946 Particula
414 1883 499 1949 ἀλλά
515 1886 659 1946 reddenda
675 1897 719 1944 est
729 1901 790 1964 per:
806 1883 864 1944 imo
880 1900 954 1945 vero.
971 1919 1014 1928 —
1030 1881 1059 1950 S,
1076 1894 1184 1954 auctor,
1200 1884 1268 1964 quia

100 1991 184 2063 dixit,
200 1989 337 2052 sacrificia
353 1991 424 2071 legis
439 2011 497 2052 non
513 1990 640 2071 potuisse
655 1993 766 2052 anferre
781 1999 907 2070 peccate,
923 2009 999 2051 nuno
1014 2009 1049 2050 ue
1064 1991 1171 2052 frustra
1186 1989 1268 2050 vide-

100 2107 189 2158 antur
203 2097 346 2170 instituta,
362 2099 453 2170 docet,
469 2117 555 2178 quem
571 2117 653 2158 usum
666 2097 828 2168 habuerint,
843 2096 979 2157 nimirum
989 2095 1191 2158 recordationis
1202 2115 1268 2176 pec-

99 2216 239 2277 catorum,
251 2213 283 2264 ut
292 2202 400 2265 scilicet
409 2203 540 2266 homiues
549 2205 764 2291 recordarentur
773 2221 889 2265 suorum
900 2213 1090 2282 peecatorum,
1100 2202 1268 2282 scirentque,

100 2331 136 2371 ea
150 2310 206 2371 sibi
221 2327 272 2390 ρετ
287 2309 434 2379 sacrificia,
458 2329 533 2390 quae
548 2309 724 2380 obtulerant,
749 2329 805 2370 non
827 2329 890 2370 esse
913 2308 1040 2374 remissa.
1057 2345 1099 2354 —-
1116 2306 1268 2378 Quemad-

99 2418 219 2478 modum
235 2416 321 2496 igitur
337 2415 366 2476 in
384 2416 516 2497 epistolis
532 2418 569 2477 ad
586 2417 743 2488 Romanos,
767 2414 894 2477 Galatas
916 2425 946 2476 et
967 2415 1170 2496 Philippenses
1194 2435 1267 2496 apo-

99 2524 194 2584 stolus
209 2524 300 2595 docet,
316 2543 353 2584 ex
370 2523 431 2603 lege
446 2543 503 2585 uon
521 2543 583 2585 esse
598 2521 749 2595 iustitiam,
767 2523 807 2583 ite
823 2522 851 2583 in
868 2523 923 2584 hac
945 2521 1068 2602 epistola
1089 2521 1275 2583 ostendisse

100 2631 237 2710 professo,
253 2649 290 2690 ex
305 2628 450 2691 sacrificiis
465 2629 536 2710 legis
558 2628 659 2692 haberi
684 2649 741 2691 non
757 2649 840 2709 posse
855 2627 1054 2708 purgationem
1078 2635 1266 2706 peccatorum.

101 2734 201 2805 Quare
217 2756 253 2798 ex
269 2736 394 2816 apostoli
410 2735 562 2809 sententia,
578 2735 653 2798 siout
674 2735 723 2797 lex
738 2755 795 2796 non
810 2733 955 2808 iustificat,
980 2734 1022 2794 ita
1043 2732 1182 2796 sacrificia
1197 2733 1268 2814 legis

101 2862 158 2903 non
174 2842 350 2923 propitiant;
366 2841 501 2906 nimirum
517 2861 613 2923 perse
629 2851 659 2903 et
674 2860 725 2922 per
744 2840 891 2922 propriam
912 2839 1121 2902 iustitutionem
1137 2839 1267 2902 conside-

99 2959 173 3010 rate.
205 2948 287 3012 Sicut
308 2967 374 3029 ergo
396 2951 432 3012 de
455 2949 516 3028 lege
539 2948 614 3009 dixit
637 2947 736 3032 (Rom.
752 2948 839 3008 Vlll.
856 2944 899 3031 3.)
921 2945 1100 3028 impossibile
1123 2945 1219 3020 fuisse,
1235 2957 1267 3008 ut

98 3054 264 3117 luctificatio
287 3073 337 3135 ρετ
352 3075 415 3116 eam
433 3056 600 3135 impleretur
615 3055 644 3116 iu
660 3054 751 3126 nobis,
766 3053 809 3114 ita
823 3054 871 3116 hio
885 3052 954 3116 dicit
975 3053 1011 3114 de
1026 3051 1171 3114 sacrificiis
1186 3053 1267 3132 legis,

98 3161 278 3240 impossibile
294 3181 364 3233 esse,
381 3171 413 3222 ut
428 3179 478 3240 per
493 3181 528 3221 ea
543 3163 712 3222 auferantur
727 3169 846 3240 peccata
861 3157 1014 3244 (metm).

189 3286 217 3328 v.
234 3268 264 3334 5.
280 3264 334 3330 Διὸ
350 3265 558 3353 εἰςερχόρενος
582 3265 624 3340 εἰς
646 3272 695 3331 τὸν
718 3273 842 3352 κόσμον,
860 3270 949 3346 λέγει·
980 3263 1091 3329 Θυσίαν
1106 3270 1158 3330 καὶ
1174 3289 1266 3350 προς·

99 3377 197 3460 φορὰν
213 3369 269 3438 οὐκ
284 3372 456 3460 ἠθέλησας,
473 3386 561 3460 σῶμα
577 3374 609 3437 δὲ
624 3378 801 3461 κατηρτίσωΙ
810 3397 869 3460 μοι.
882 3409 922 3416 -
932 3371 1094 3454 Apostolus
1103 3373 1267 3433 testimonio

99 3479 267 3560 prophetico
283 3479 443 3552 confirmat,
465 3489 565 3540 vetere
588 3479 726 3541 sacrificia
748 3489 864 3559 propter
887 3479 1013 3558 ipsorum
1035 3478 1264 3540 imbecillitatem

99 3585 233 3666 abrogari
249 3585 391 3657 debuisse,
407 3587 574 3647 succedente
598 3606 655 3647 uuo
677 3597 706 3647 et
729 3586 836 3647 efficaci
861 3585 997 3648 sacrificio
1021 3584 1138 3646 Christi.
1170 3585 1266 3646 Allert

97 3691 233 3753 nimimm
249 3711 277 3753 v.
294 3693 391 3758 5-4.
407 3691 500 3753 locum
517 3691 623 3771 psalmi
639 3692 707 3752 XL.
725 3695 753 3757 7.
771 3694 809 3765 8,
825 3702 913 3772 atque
929 3712 955 3751 v.
973 3693 993 3756 8
1044 3694 1093 3758 10.
1115 3711 1152 3752 ex
1168 3711 1201 3753 eo
1216 3709 1266 3752 ar-

98 3807 293 3878 gumentatur.
325 3798 412 3859 Hunc
427 3797 582 3877 psalmum,
599 3798 678 3859 cuius
695 3799 804 3861 locuse
827 3798 955 3860 versione
971 3795 1175 3858 Alexandrina
1199 3796 1266 3858 lau-

96 3907 186 3965 datus
202 3913 254 3975 est,
270 3922 356 3964 seusu
373 3903 478 3964 literali
494 3923 550 3964 uon
567 3922 651 3984 agere
666 3906 701 3965 de
718 3903 835 3977 Messio,
852 3914 899 3964 sat
914 3903 991 3964 clare
1013 3903 1137 3983 patescit
1153 3921 1190 3964 ex
1205 3903 1266 3964 eius

95 4021 275 4090 argumento.
307 4008 401 4072 Seusu
417 4009 523 4070 literali
538 4011 574 4071 de
590 4010 702 4072 Davide
719 4009 907 4090 explicandus
929 4018 982 4082 est,
999 4017 1029 4070 et
1043 4010 1082 4070 ab
1098 4027 1131 4070 eo
1147 4028 1265 4090 compo·

96 4118 171 4178 situs
186 4136 248 4177 esse
258 4115 380 4188 videtur,
397 4133 461 4177 cum
472 4125 601 4194 tempore
617 4116 764 4178 seditionis
776 4115 979 4176 Absalomicae
995 4135 1032 4176 ex
1044 4117 1112 4177 urbe
1123 4116 1263 4178 evasisset

96 4233 127 4283 et
141 4222 270 4284 Jordaue
286 4220 407 4282 feliciter
422 4231 557 4302 superato
572 4222 602 4283 in
626 4231 690 4284 tuto
712 4232 796 4286 esset.
835 4218 914 4290 Quia
937 4239 1004 4284 vero
1026 4221 1177 4302 apostolus
1200 4224 1228 4284 h.
1246 4225 1264 4283 l.

96 4331 195 4402 verba,
213 4348 288 4409 quae
303 4347 340 4388 ex
355 4327 407 4388 illo
423 4326 536 4408 pselruo
552 4328 663 4403 laudat,
679 4328 816 4390 eMessia
831 4327 947 4407 prolata
962 4328 1049 4390 fuisse
1065 4337 1198 4404 testatur,
1214 4349 1265 4392 ea-
