3096 4886
531 265 836 354 mosanoxras-aa
1204 269 1264 338 191

101 449 229 518 dederat
254 449 399 537 ‘Parentes
414 450 484 538 eius,
499 459 596 536 spreto
611 449 774 516 Pharaonis
798 448 887 523 iussu,
909 450 945 511 de
964 449 1160 538 conservando
1181 464 1270 531 puero

101 559 272 640 cogitarant,
288 577 419 640 eumque,
443 575 509 620 oum
532 556 653 618 ulterius
675 556 817 618 occultare
838 575 896 618 non
920 565 1047 636 possent,
1068 566 1269 636 exposuerant,

101 673 345 746 certosperantes,
352 680 418 726 eum
426 663 564 744 singulari
571 662 752 744 providentia
758 661 857 724 divina
864 671 1012 724 servatum
1018 659 1270 747 irilcoll.llx.ll.).

107 807 150 817 -
168 775 317 857 τρίμηνον,
333 787 384 850 per
398 780 457 831 tres
472 789 593 834 menses.
607 804 650 816 -·-
661 775 788 854 πατέρες
804 769 832 830 h.
842 768 861 828 l.
872 777 940 830 sunt
955 777 1089 850 parentes
1104 768 1165 854 (cfr.
1180 769 1269 834 Pcr-

107 879 231 940 rlrmias
247 878 326 938 Erot.
346 875 403 950 X.;
427 878 519 940 Ocr'd.
543 877 664 940 Metam.
686 875 741 936 lV.
765 873 841 958 60.).
857 910 897 922 -
923 872 996 940 διότι
1011 872 1087 942 εἶδον
1104 875 1220 943 ἀστεῖον
1236 881 1269 942 τὸ

103 984 234 1057 παιδίον;
250 983 415 1044 formositas
425 981 505 1064 pueri
514 981 684 1062 parentibus
694 990 756 1042 erat
765 980 872 1043 favoris
881 980 971 1042 divini
980 981 1126 1046 indicium.
1147 986 1270 1047 Veteres

103 1089 181 1151 enim
198 1089 330 1152 homines
339 1088 394 1150 diis
408 1087 539 1170 inprimis
549 1105 629 1149 caros
644 1096 674 1148 et
683 1065 872 1149 nobilioribus
880 1086 986 1150 animis
1000 1089 1146 1170 praeditos
1161 1089 1270 1152 formae

107 1197 288 1277 praestantia
303 1194 413 1276 pollere
428 1194 652 1268 existimabant3
672 1201 703 1254 et
723 1201 841 1276 propter
862 1194 939 1256 hanc
961 1194 1040 1275 pueri
1062 1193 1270 1257 formositatem

103 1310 241 1384 parentes
262 1283 377 1382 sperare
401 1309 543 1384 poterant,
566 1319 632 1361 eum
654 1320 673 1360 a
695 1300 757 1361 Deo
782 1308 930 1362 servatum
953 1299 996 1364 iri.
1018 1337 1062 1347 —
1084 1301 1271 1364 Vocabulum

104 1409 263 1494 διάταγμα,
279 1407 412 1480 edictum,
429 1407 584 1480 decretum,
599 1405 629 1467 in
644 1406 683 1472 N.
699 1406 733 1466 T.
750 1405 832 1467 libris
846 1425 905 1468 non
919 1407 1051 1472 occurrit.

196 1532 224 1579 v.
240 1515 292 1580 24.
307 1511 410 1579 Πίστει
425 1509 561 1602 Matisa<
577 1517 671 1600 μέγας
686 1517 843 1598 γενόμενος
864 1511 1024 1601 ἠρνήσατο,
1047 1517 1193 1596 λέγεσθαι
1209 1512 1272 1588 υἱὸς

105 1624 261 1704 θυγατρὸς
277 1617 406 1706 Φαραὼ,
423 1655 466 1665 -
482 1620 538 1680 Per
553 1619 639 1680 iidem
655 1636 824 1707 persuasum
849 1627 912 1680 erat
926 1617 1032 1700 Moysi,
1055 1619 1196 1700 promissa
1217 1619 1273 1682 Dei
1350 1657 1360 1668 ·

106 1726 282 1788 Abrahamo
297 1725 414 1807 eiusque
429 1725 552 1806 posteris
567 1726 638 1788 data
653 1733 790 1788 eventum
812 1725 950 1786 habitura
972 1735 1001 1786 et
1022 1725 1171 1788 Israelitas
1192 1725 1273 1788 brevi

105 1831 137 1893 in
153 1831 340 1894 cananaeam
355 1841 542 1913 perventuros
563 1850 639 1906 esse;
662 1840 814 1912 propterea
837 1849 903 1894 cum
927 1832 965 1892 ad
987 1840 1115 1893 aetatem
1139 1831 1272 1896 adultam

107 1938 294 2022 pervenisset,
316 1937 410 2000 noluit
431 1937 509 1999 filiae
524 1937 686 1999 Pharaonis
708 1935 785 1998 filius
807 1936 916 1999 haberi.
932 1973 970 1985 —
992 1945 1086 2024 μέγας
1098 1918 1273 2026 γενόμενος,

106 2064 174 2109 oum
192 2046 231 2108 ad
248 2054 376 2107 aetatem
394 2044 528 2108 adultam
547 2043 732 2126 pervenisset.
743 2041 922 2127 (Oinflom.
933 2041 1137 2120 od.11.314.‚·
1152 2045 1273 2108 XVIII.

106 2152 182 2216 217.
197 2150 261 2237 ah).

197 2278 224 2320 v.
240 2257 292 2326 25-
310 2260 430 2346 μᾶλλον
453 2256 597 2344 ἑλόμενος
620 2262 900 2345 συγιιανιουχεῖσθαι
923 2270 963 2343 τῷ
986 2260 1052 2343 λαῷ
1075 2268 1127 2324 τοῦ
1152 2256 1274 2348 fiscali

107 2370 289 2450 πρόςοιαιρον
304 2365 385 2452 ἔχειν
400 2363 548 2452 ἁμαρτίας
558 2363 732 2438 ἀπόλαυσιν,
742 2401 784 2410 -
795 2360 1007 2449 Alptamapio,
1023 2384 1121 2443 sumo;
1136 2364 1166 2428 in
1178 2365 1275 2428 media

106 2471 215 2534 forma:
232 2469 304 2532 mihi
319 2471 410 2554 capio,
425 2473 493 2546 fero,
509 2471 590 2551 eligo.
608 2507 648 2515 —-
672 2475 952 2557 συγιιαιιουχεῖσδαι
975 2481 1074 2533 notat:
1098 2471 1187 2552 affligi
1209 2489 1275 2534 cum

106 2576 221 2658 aliquo;
239 2579 267 2639 h.
284 2577 302 2640 l.
316 2587 434 2661 ¹tanturn
451 2576 563 2660 legitur.
594 2573 681 2646 Quod
705 2577 786 2640 mala
807 2576 872 2660 ipsa
894 2577 1009 2650 attinet,
1030 2577 1137 2658 quibus
1158 2578 1276 2658 Moyses

110 2704 171 2746 una
186 2703 251 2746 cum
266 2683 374 2765 populo
389 2683 444 2746 Dei
473 2683 563 2764 affligi
573 2681 698 2746 voluisse
707 2683 819 2757 dicitur,
835 2703 893 2746 non
907 2683 1098 2766 respiciuntur
1112 2703 1155 2757 ea,
1171 2683 1277 2765 quibus

110 2791 238 2872 populus
253 2791 284 2853 in
298 2791 436 2878 Aegypto
451 2792 637 2872 premebatur
652 2792 721 2876 (Ex.
736 2792 760 2852 Ι.
780 2792 828 2858 11.
844 2789 914 2874 ss.);
938 2792 1010 2852 haec
1031 2790 1108 2852 enim
1124 2790 1205 2852 mala
1219 2809 1277 2852 non

112 2896 205 2959 subiit
227 2898 359 2978 Moyses;
382 2898 433 2958 sed
458 2896 586 2972 exilium,
618 2897 775 2980 longinqua
805 2896 1005 2980 peregrinatio,
1035 2897 1145 2960 itineris
1166 2896 1277 2960 incom-

111 3005 208 3066 moda.
227 3040 257 3050 -
283 3002 451 3078 ἀπόλαυσις
466 3013 511 3066 est
525 3004 671 3086 voluptas,
687 3003 865 3080 iucunditas;
888 3004 1042 3068 sedetiam
1058 3003 1179 3078 utilitas,
1196 3023 1277 3068 com-

110 3099 239 3174 modum.
255 3147 294 3155 —
314 3109 445 3196 ἁμαρτία
460 3109 507 3196 (ut
521 3111 562 3172 X.
579 3112 644 3194 26.)
659 3111 846 3174 defectionem
861 3111 1025 3192 areligione
1040 3111 1182 3186 declarat;
1197 3130 1278 3174 com-

110 3216 214 3290 modis,
230 3236 305 3298 quaa
327 3217 448 3280 delectio
470 3217 637 3298 areligione
660 3218 773 3282 iudaioa
794 3227 824 3280 et
845 3218 985 3280 transitus
1006 3219 1044 3282 ad
1065 3216 1277 3300 Aegyptiorum

109 3323 222 3386 cultum
240 3322 397 3397 attulisset,
412 3324 531 3404 Moyses
547 3323 590 3385 uti
605 3324 707 3387 noluit.
722 3361 764 3370 -·
781 3323 845 3388 Hoc
854 3324 966 3406 Moysis
981 3325 1114 3407 exemplo
1129 3345 1151 3386 s.
1168 3324 1279 3386 Paulus

110 3430 231 3492 lectores
246 3447 360 3491 movere
368 3429 497 3504 volebat,
514 3439 546 3492 ut
557 3430 740 3492 calamitates
749 3439 867 3514 propter
876 3429 985 3493 Christi
995 3431 1161 3512 religionem
1171 3430 1278 3512 promti

110 3544 143 3598 et
156 3545 321 3598 constantes
335 3538 500 3620 perferrent,
516 3537 662 3600 terrestria
678 3539 755 3600 bona
769 3546 800 3600 et
814 3540 973 3612 commoda,
996 3538 1110 3620 quibus,
1132 3538 1156 3600 si
1171 3537 1280 3600 Christi

110 3641 195 3724 signa
209 3643 378 3716 desererent,
393 3642 449 3706 frui
465 3653 591 3724 possent,
607 3645 792 3725 despicerent,
808 3644 900 3728 iisque
915 3647 1091 3708 anteferrent
1112 3647 1190 3706 bona
1212 3664 1279 3706 coe-

111 3747 200 3810 lestia
214 3750 373 3830 eademque
389 3759 536 3832 perpetua.

201 3875 229 3916 v.
245 3856 297 3922 26.
315 3861 434 3943 μείζονα
448 3859 579 3923 πλοῦτον
595 3855 784 3948 ἡγησάμενος
799 3871 856 3924 τῶν
873 3855 1026 3940 Αἰγυπτου
1049 3859 1214 3944 θησαυρῶν
1230 3861 1279 3922 τὸν

115 3959 279 4050 ὀνειδισμὸν
295 3973 348 4029 τοῦ
365 3961 505 4050 Χριστοῦ·
529 3962 679 4048 ἀπέβλεπε
692 3965 752 4050 Ιγδιρ
775 3962 817 4038 εἰς
832 3971 885 4053 τὴν
901 3964 1149 4050 μισθαποδοσίαν.
1165 3999 1209 4009 -
1225 3963 1282 4026 Ριυ

112 4067 235 4132 lectione
250 4081 307 4136 τῶν
331 4069 361 4138 ἐν
377 4067 519 4154 Αἰγυπτιμ
534 4059 636 4152 optimi
658 4071 767 4134 codices
782 4070 921 4133 exhibent
942 4082 1000 4136 τῶν
1015 4067 1182 4154 Αἰγδπτου;
1205 4069 1282 4152 prior

114 4174 201 4239 lectio
216 4176 361 4258 glossema
375 4176 461 4260 sapit
477 4213 521 4223 —
536 4177 593 4239 Per
614 4183 663 4244 τὸν
688 4176 852 4266 ὀνειδισμὸν
873 4187 926 4242 τοῦ
950 4175 1083 4261 Χριστοῦ
1105 4177 1190 4240 iuxta
1211 4197 1282 4240 con-

113 4291 230 4345 textum
246 4283 360 4346 nonnisi
376 4301 532 4346 aerumnae
547 4293 577 4346 et
592 4284 783 4358 calamitates,
798 4283 904 4366 quibus
925 4283 1077 4346 Israelitae
1098 4285 1128 4346 in
1143 4283 1281 4378 Aegypto
