3110 4882
252 301 294 367 28
691 301 731 352 oo
748 303 833 370 mgr.
851 303 975 366 spania.

340 476 368 562 e)
377 478 608 559 Antiquissimae
614 479 757 542 versiones
764 479 871 562 quippe
880 479 1420 563 lotinocmyricoosimplexegrasco

252 594 334 647 textu
349 587 493 648 coniectae
509 597 586 660 sunt,
601 585 720 666 ideoque
736 585 882 648 evidenter
897 589 1031 668 probant,
1047 586 1160 648 nullum
1169 586 1261 648 alium
1276 584 1418 666 epistolae

250 699 365 754 textum
389 692 542 755 exstitisse.
558 729 602 740 -
625 692 781 756 versiones
805 692 941 754 laudatae
967 703 1118 775 propterea
1139 701 1294 753 tantuma
1316 707 1418 771 graeco

250 807 333 860 textu
348 801 493 862 confectae
508 809 584 872 sunt,
600 799 670 880 quia
684 817 757 860 saec.
767 801 806 860 ll.
823 799 936 861 nullum
952 799 1079 881 amplius
1088 797 1266 862 aramaicmn
1275 795 1417 878 epistolae

248 906 398 986 exemplar
413 906 617 986 reperiebatur.

339 1009 363 1096 l)
379 1012 438 1074 Sed
454 1013 518 1092 quis
534 1006 643 1074 inficias
658 1011 720 1084 ibit,
736 1013 824 1074 etiam
840 1011 994 1093 epistolam
1008 1031 1107 1094 graece
1116 1021 1270 1074 exaratam
1283 1009 1416 1072 Judaeo-

248 1116 411 1180 christianis
423 1120 643 1201 Hierosolymam
658 1129 688 1182 et
702 1119 731 1182 in
747 1119 916 1182 Palaestino
930 1120 1100 1202 degentibus
1116 1118 1192 1180 mitti
1207 1128 1237 1178 et
1251 1117 1343 1178 abeis
1359 1117 1415 1198 legi

249 1223 470 1302 potuissemus
496 1225 599 1288 notitia
622 1226 735 1307 linguae
758 1245 857 1308 graece
882 1237 944 1288 tum
966 1225 1105 1308 temporis
1135 1223 1240 1305 ubique
1262 1222 1415 1304 divulgata

245 1329 339 1392 suerit.
354 1366 398 1374 -
413 1331 508 1393 Nemo
522 1342 597 1394 certe
612 1333 666 1395 boc
681 1333 814 1414 negabit3
830 1333 933 1396 exinde
943 1343 1041 1396 tamen
1051 1353 1107 1394 non
1116 1331 1254 1412 sequitur,
1269 1329 1299 1390 id
1311 1346 1413 1408 reapse

246 1435 354 1496 lactum
370 1456 445 1514 esse;
463 1438 520 1499 imo
536 1438 702 1501 testimonia
717 1440 772 1501 lide
782 1439 971 1522 dignissima(
976 1437 1143 1504 Clementis
1152 1437 1255 1511 Aren,
1267 1435 1413 1506 Euenit,

246 1541 449 1626 Hieronymi,
467 1545 844 1627 mercennariorumque
865 1545 896 1608 ll.
912 1543 965 1630 cc)
981 1545 1155 1609 contrarium
1170 1545 1372 1605 demonstrant
1386 1549 1415 1600 et

246 1645 372 1710 Paulum
387 1649 530 1713 Hebraeis
545 1653 678 1714 hebraice
694 1673 745 1714 seu
762 1653 905 1716 aramaice
921 1653 1066 1734 scripsisse
1083 1661 1234 1712 testantur.

333 1753 364 1840 g)
381 1758 439 1819 Ast
454 1757 512 1819 ista
526 1758 694 1821 testimonia
715 1761 900 1840 antiquorum
921 1761 957 1821 de
983 1760 1080 1840 lingua
1102 1755 1241 1838 epistolae
1263 1751 1412 1834 primitiva

246 1859 318 1922 nihil
334 1861 389 1925 nisi
404 1864 581 1926 coniecturas
596 1866 751 1939 continent,
774 1885 839 1928 cum
855 1885 939 1928 nemo
961 1865 1144 1946 antiquorum
1168 1859 1366 1931 affirmaverit,
1381 1876 1410 1918 se

246 1970 425 2032 aramaicum
448 1971 598 2051 exemplar
619 1971 724 2034 vidisse
742 1993 777 2034 ac
797 1971 965 2053 inspexisse,
981 1973 1133 2054 Oripmee
1154 1979 1253 2031 contra
1276 1963 1410 2037 docuerit,

243 2071 373 2153 linguam
388 2093 519 2156 graecam
534 2095 596 2138 esse
612 2077 741 2157 linguam
758 2079 845 2140 huius
867 2077 1008 2159 epistolae
1029 2075 1221 2157 originariam.
1240 2107 1280 2118 -
1296 2074 1408 2136 Verum

242 2179 319 2240 enirn
334 2198 401 2242 vero
416 2181 562 2261 ipsissima
577 2184 761 2263 antiquorum
780 2187 878 2258 verba,
893 2184 998 2266 quibus
1017 2202 1100 2246 suam
1115 2185 1151 2244 de
1160 2182 1260 2261 lingua
1269 2177 1409 2260 epistolae

243 2284 390 2366 primitiva
405 2288 579 2349 sententiam
594 2291 791 2370 pronuntiant,
806 2292 849 2352 ita
858 2299 1111 2372 suntcomparata,
1127 2298 1160 2350 ut
1169 2286 1408 2367 negarinequeat,

241 2390 307 2453 illos
321 2393 357 2454 de
373 2392 494 2455 veritate
504 2395 664 2457 sententiae
675 2397 839 2477 propositae
849 2398 936 2459 fuisse
945 2395 1242 2466 eertosacoonvictos,
1257 2391 1408 2454 etsolum-

241 2500 325 2560 modo
340 2500 376 2561 de
391 2499 546 2580 interprete
569 2519 669 2580 graeco
693 2503 796 2566 dubios
819 2524 853 2566 ac
876 2503 905 2564 in
927 2513 1026 2584 partes
1047 2504 1208 2566 distractos.
1254 2501 1319 2562 lmo
1343 2515 1407 2560 curn

239 2605 374 2668 omnibus
389 2606 557 2670 coniecturis
572 2609 608 2668 de
623 2609 677 2672 hoc
692 2609 848 2692 interprete
857 2612 1039 2690 supersedere
1049 2607 1219 2689 potuissent,
1234 2607 1259 2668 si
1274 2622 1407 2686 graecam

239 2710 380 2790 epistolae
395 2713 534 2792 originem
550 2715 751 2792 defendissent,
774 2725 804 2776 et
826 2715 1013 2778 nihilominus
1035 2714 1160 2778 Paulum
1183 2731 1249 2774 eam
1272 2708 1406 2774 hebraice

239 2815 384 2898 scripsisse
400 2827 565 2880 constanter
580 2829 730 2894 testentur,
753 2841 787 2884 eo
802 2821 894 2884 tutius
908 2839 1034 2884 asserere
1055 2839 1217 2900 possumus,
1239 2818 1307 2880 illos
1323 2819 1406 2880 hooc

239 2923 295 2984 lide
310 2923 397 3003 digna
412 2925 565 2987 traditione
581 2928 754 3006 cognovisse,
771 2927 837 2990 licet
852 2927 907 3008 ipsi
916 2927 1093 2990 aramaicum
1102 2927 1318 3007 autographum
1327 2923 1405 2986 haud

240 3028 368 3107 amplius
382 3027 507 3092 viderint
521 3041 609 3111 atque
625 3032 809 3112 inspexerint.
825 3035 945 3095 Matura
960 3053 1062 3114 nempe
1077 3033 1216 3113 epistolae
1231 3032 1261 3093 in
1276 3031 1406 3110 linguam

237 3151 368 3213 graecam
386 3136 540 3199 translatio
550 3157 608 3198 una
623 3157 688 3200 cum
699 3138 777 3200 bello
792 3139 904 3202 ludaico
919 3159 987 3202 mox
997 3137 1127 3219 sequenti
1137 3139 1197 3200 sine
1213 3136 1303 3200 dubio
1318 3153 1406 3196 causa

237 3248 311 3310 erat,
326 3258 375 3302 cur
392 3241 468 3302 istud
483 3244 697 3324 autographum
713 3243 772 3305 iam
788 3254 901 3306 mature
916 3245 1060 3308 interierit
1087 3247 1248 3326 Origenes,
1264 3243 1303 3304 ad
1317 3259 1404 3322 quem

238 3345 395 3407 adversarii
411 3359 577 3427 provocant,
593 3347 675 3410 testis
690 3367 808 3410 munere
823 3351 958 3430 fungitur,
974 3351 998 3412 si
1014 3349 1114 3412 scribit
1124 3348 1243 3435 (Euseb.
1254 3349 1293 3409 Η.
1306 3348 1339 3408 Ε.
1349 3346 1405 3408 Vl.

237 3447 318 3534 25.):
335 3453 494 3528 ,maiores
508 3454 596 3517 hond
611 3463 722 3518 temere
736 3457 817 3518 banc
826 3456 989 3539 epistolam
998 3454 1099 3519 Ponli
1114 3475 1178 3519 ease
1192 3454 1404 3528 medidiem*

235 3557 264 3616 in
284 3555 519 3620 antecedentibus
543 3568 641 3620 autem
665 3579 748 3621 suam
779 3570 894 3622 tantum
925 3561 1088 3640 opinionem
1108 3559 1251 3642 proponit,
1275 3567 1309 3619 ut
1332 3556 1405 3619 satis

234 3663 448 3724 docentverba:
460 3663 612 3746 „epistola
623 3664 683 3730 illo
693 3669 728 3728 in
737 3670 901 3730 verboram
909 3668 1129 3749 compositione
1137 3667 1292 3728 maiorem
1305 3682 1404 3746 proe-

226 3771 297 3850 sert
308 3770 416 3850 praeci
426 3771 581 3832 sermonis
590 3769 779 3852 elegantiam
795 3820 802 3833 .
819 3819 826 3834 .
843 3820 850 3833 .
866 3819 873 3835 .
890 3793 944 3855 ego
959 3774 1217 3835 neroitoceneeo:
1231 3771 1405 3834 sententiae

233 3875 357 3952 quidem
372 3877 462 3956 ipses
479 3873 613 3956 apostoli
629 3895 700 3952 ecoe,
718 3877 882 3941 dictionem
898 3886 1004 3940 comm
1020 3886 1048 3940 et
1062 3878 1317 3959 compositionem
1331 3895 1403 3937 nm·

233 3981 345 4042 boram
361 4000 424 4043 esse
433 3979 568 4044 alterins
578 3982 742 4044 cniusdam
751 3987 782 4056 “3
798 3981 865 4044 binc
874 3981 935 4062 ipse
945 4000 1044 4044 revera
1053 3981 1230 4045 coniecturae
1240 3979 1402 4059 indulgens,

232 4084 357 4146 aliorum
373 4085 539 4148 testimonia
555 4086 730 4148 labefactare
746 4085 852 4167 nequit
860 4085 884 4172 1)

231 4237 444 4256 ——ss--nn-

322 4311 339 4370 ¹)
358 4310 408 4361 Cir.
425 4312 456 4362 de
472 4313 559 4380 lingna
570 4314 686 4375 epistolae
697 4314 730 4364 cd
743 4314 873 4365 Hebraeos
885 4314 1023 4380 primitiva:
1042 4313 1221 4365 Bieemtltoll.
1234 4329 1256 4363 o.
1268 4310 1307 4365 St.
1319 4313 1356 4365 43
1368 4319 1398 4376 ll'.
