3064 4894
578 310 703 371 Expositio
721 308 768 360 VI.
788 307 813 360 7.
832 307 858 358 8.
1237 309 1301 374 105

136 487 309 550 detrimento
331 507 398 550 eum
420 487 606 570 impostorem
631 491 671 548 et'
685 486 827 569 supplicio
856 487 974 567 dignum
996 487 1083 549 fuisse
1104 487 1241 548 declarat.
1260 521 1300 532 -

136 591 256 668 ἑαυτοῖς
271 594 388 656 dativus
404 604 448 656 est
463 594 652 669 incommodi3
667 593 698 655 in
713 613 796 656 suam
807 593 968 674 perniciem,
985 613 1049 655 eum
1065 613 1116 655 suo
1125 591 1303 656 detrimento.

137 738 179 745 -
204 703 481 788 παραδειγματίζειν
505 709 604 764 notat:
629 708 789 762 monstrare
814 699 924 780 aliquid
948 699 1079 782 illudque
1102 699 1132 760 in
1156 698 1304 780 publicum

137 808 308 888 produoere3
324 808 426 868 deinde
441 807 470 868 in
486 805 654 869 deteriorem
678 815 791 888 partem
807 804 963 867 adhibetur
984 807 1019 868 de
1040 805 1084 879 iis,
1106 805 1155 887 qui
1177 803 1305 886 aliquem

136 913 228 976 oeulis
243 913 373 975 omnium
389 921 539 994 exponunt
555 913 602 974 vel
617 922 651 974 ut
659 911 806 994 puniatur,
822 911 869 974 vel
879 921 913 974 ut
922 923 1037 974 notetur
1050 913 1222 994 ignominia3
1238 913 1306 974 hino

134 1019 293 1102 signifieat:
323 1019 370 1081 vel
392 1019 507 1100 publice
532 1039 626 1100 poena
647 1019 775 1100 aliquem
795 1019 916 1092 afficere,
937 1019 985 1080 vel
1006 1017 1163 1099 ignominia
1178 1019 1304 1099 aliquem

135 1137 245 1199 notare,
261 1125 386 1189 ludibrio
403 1143 554 1210 exponere,
570 1146 629 1206 qua
643 1125 849 1206 significatione
864 1124 1014 1208 posteriori
1029 1126 1059 1189 h.
1071 1125 1090 1186 l.
1105 1125 1241 1200 ooourrit3
1256 1123 1305 1206 qui

135 1233 212 1295 enim
227 1241 387 1314 apostatat
403 1234 458 1294 hoo
472 1230 535 1312 ipso
544 1231 710 1304 oontemnit,
729 1231 883 1312 vilipendit
898 1231 1014 1293 stridet
1023 1229 1171 1293 Christum
1187 1231 1305 1312 eiusque

135 1339 341 1402 redemtionem
357 1335 463 1423 (eoru
480 1358 501 1399 o
516 1336 663 1422 Lepide).

224 1468 252 1509 v.
269 1447 298 1511 7.
314 1444 360 1534 Γῆ
374 1449 442 1530 γάρ,
457 1444 478 1534 ἡ
493 1454 602 1509 πιοῦσα
618 1449 667 1510 τὸν
683 1441 731 1508 ἐπ’
752 1441 845 1534 αὐτῆς
862 1443 1026 1532 ἐρχόμενον
1048 1447 1200 1518 πολλάκις
1222 1441 1306 1510 berou

137 1557 192 1618 καί
206 1557 348 1618 τίκτουσα
364 1555 492 1640 βοτάνην
509 1549 633 1616 εὔθετον
649 1549 781 1626 ἐκείνοις,
804 1548 842 1615 δι’
858 1551 911 1625 οῦς
934 1555 987 1617 καὶ
1008 1563 1189 1637 γεωργεῖται,
1213 1575 1305 1638 μετα·

139 1662 289 1746 λαμβάνει
303 1655 443 1740 εόλογίας
459 1656 519 1723 άπὸ
535 1667 587 1722 τοῦ
603 1655 689 1722 Θεοῦ·
1200 1705 1205 1715 ,

225 1787 253 1827 v.
270 1767 299 1832 8.
315 1763 487 1854 ἐκφέρουσα
502 1764 535 1828 δέ
546 1761 689 1837 ἀκάνθας
703 1769 756 1829 καὶ
766 1765 935 1848 τριβόλους,
946 1763 1093 1850 ἀδόκιμος
1108 1769 1160 1830 καὶ
1169 1771 1306 1848 κατάρας

135 1872 231 1958 ἐγγὺς,
248 1871 286 1962 ἧς
301 1876 334 1938 τὸ
350 1873 442 1945 τέλος
459 1867 500 1945 είς
516 1880 631 1936 καῦσιν.
654 1907 689 1916 -
713 1869 850 1950 Sequitur
865 1891 948 1943 nuno,
970 1880 1003 1933 ut
1019 1891 1111 1933 nexus
1132 1890 1197 1933 oum
1221 1879 1307 1932 ante-

135 1979 303 2043 cedentibus
318 1987 348 2039 et
363 1978 402 2040 rei
418 1978 517 2058 ipsius,
533 1977 569 2038 de
585 1997 644 2057 qua
654 1994 746 2039 sermo
762 1977 804 2050 fit
820 1976 944 2041 eonditio
958 1977 1075 2052 indicat
1090 1977 1214 2058 pulohra
1228 1975 1306 2038 alle-

135 2087 222 2168 goria,
246 2105 304 2166 qua
326 2105 348 2146 s.
376 2084 487 2146 Paulus
503 2083 658 2146 lectoribus
683 2085 721 2144 ad
743 2083 929 2146 defectionem
951 2105 970 2146 a
990 2084 1126 2165 religione
1147 2083 1305 2146 christiana

134 2193 232 2274 pronis
247 2191 400 2272 depingere
415 2189 509 2254 voluit
523 2191 669 2253 diversam
685 2189 877 2253 conditionem
893 2200 923 2253 et
932 2199 1039 2254 sortem
1049 2209 1155 2264 eorum,
1171 2190 1220 2272 qui
1234 2192 1303 2252 doo-

134 2301 226 2362 trinae
242 2308 273 2360 et
289 2298 491 2360 beneficiorum
507 2296 615 2359 Christi
631 2295 744 2378 copiam
761 2297 847 2370 nacti,
862 2299 918 2366 boo
932 2299 1070 2360 thesauro
1090 2298 1136 2358 vel
1159 2306 1234 2359 reete
1255 2297 1303 2358 vel

134 2405 212 2468 male
226 2415 384 2467 uterentur.
402 2441 441 2450 -
459 2408 547 2470 πίνειν
556 2405 720 2484 frequenter
729 2403 880 2466 adhibitur
894 2405 930 2466 de
945 2413 1030 2478 terra,
1046 2424 1120 2485 quae
1129 2404 1212 2484 quusi
1227 2402 1304 2466 bibit

135 2512 277 2594 pluviam,
292 2511 431 2586 imbrem;
447 2509 535 2572 etiam
551 2515 656 2576 τίκτειν
672 2511 751 2572 baud
767 2528 832 2572 raro
841 2509 957 2591 ponitur
972 2513 1007 2573 de
1016 2519 1093 2572 terra
1107 2519 1137 2571 et
1151 2509 1303 2572 arboribus

134 2619 230 2698 fruges
246 2618 463 2700 proferentibus.
481 2653 521 2662 -
539 2619 652 2704 βοτάνη
662 2616 771 2679 indioat
779 2618 911 2690 herbam,
921 2635 1054 2698 gramen3
1070 2615 1226 2678 adhibetur
1235 2635 1302 2678 vero

133 2724 223 2786 etiam
239 2726 274 2786 de
290 2723 420 2804 frugibus
436 2722 628 2804 ouiusounque
643 2723 762 2804 generis,
777 2732 812 2785 ut
826 2723 873 2785 hio
887 2723 951 2788 loci.
968 2760 1008 2770 -
1025 2722 1151 2798 εὔθετος
1176 2732 1221 2785 est
1235 2723 1302 2786 ido-

134 2851 214 2904 neus,
229 2841 332 2913 aptus3
348 2829 503 2911 opponitur
518 2841 559 2914 τῷ
574 2828 711 2917 άδοκίμῳ
727 2848 754 2891 v.
771 2831 800 2896 8.
815 2829 834 2892 i.
850 2850 875 2894 e.
897 2832 935 2893 ad
950 2834 1065 2893 omnem'
1088 2850 1173 2892 usum
1188 2829 1300 2905 inutili;

134 2940 264 3018 adeoque
279 2939 308 2999 h.
325 2937 344 2998 l.
361 2946 420 2998 est:
436 2935 537 2998 usibus
552 2944 649 3016 aptus,
666 2935 754 2998 utilis.
766 2971 806 2982 -
819 2933 856 3002 δι’
874 2934 927 3011 οῦς
942 2938 1022 2999 haud
1038 2937 1122 3018 pauci
1131 2937 1302 3018 interpretes

134 3052 268 3106 vertunt:
280 3063 339 3127 ρον
354 3061 437 3124 quos,
454 3062 504 3105 seu
520 3061 584 3104 oum
609 3043 762 3126 Vulgata:
778 3065 800 3105 ο
815 3045 944 3122 quibua·
956 3043 1047 3125 iisque
1058 3043 1180 3125 spectari
1196 3053 1303 3124 putant

134 3151 196 3232 agri
212 3150 352 3225 cultores;
370 3149 439 3230 quia
454 3157 554 3211 autem
569 3167 667 3231 praep.
683 3151 733 3215 διά
749 3169 814 3212 oum
831 3150 996 3213 aoousativo
1010 3158 1137 3233 propter
1152 3149 1301 3232 signifieat,

133 3258 310 3319 reddendum
327 3265 385 3318 est:
401 3263 529 3340 proptor
544 3275 628 3336 quos,
644 3257 704 3322 soil.
719 3255 780 3337 agri
795 3257 935 3319 dominos.
953 3291 996 3302 -
1009 3258 1127 3322 Verba:
1143 3259 1301 3344 μεταλαμ-

134 3367 217 3448 βάνει
232 3357 373 3445 εὖλογίας
389 3361 448 3428 ἀπὸ
465 3372 517 3429 τοῦ
533 3359 611 3428 Θεοῦ
627 3363 790 3425 declarant:
813 3371 891 3425 terra
913 3383 932 3425 a
946 3363 1009 3425 Deo
1030 3363 1189 3426 fertilitatis
1209 3361 1303 3426 inore·

137 3479 238 3532 menta
260 3469 348 3550 oapit,
367 3469 411 3531 ita
433 3478 467 3531 ut
488 3471 584 3549 fruges
606 3489 670 3532 oum
693 3470 825 3531 maxima
846 3469 981 3551 largitate
1004 3473 1138 3551 proferat.
1160 3506 1204 3516 -
1219 3470 1300 3532 Ante

135 3576 308 3662 ἐκφέρουσα
324 3575 496 3656 cogitatione
505 3577 662 3656 repetenda
671 3585 739 3637 sunt
753 3579 843 3638 verba
858 3595 885 3642 v.
895 3595 1002 3659 praee:
1018 3595 1094 3658 ager,
1110 3575 1159 3657 qui
1169 3576 1300 3658 pluviam

133 3685 232 3746 orebro
246 3683 277 3745 in
294 3703 359 3744 eum
375 3683 560 3745 delabentem
576 3681 660 3755 bibit,
676 3684 749 3744 bene
764 3683 854 3745 etiam
875 3683 988 3757 oolitur,
1004 3683 1175 3771 ἐκφέρουσα
1191 3685 1232 3756 δέ,
1256 3683 1302 3745 ni-

133 3789 292 3852 hilomiuus
315 3798 412 3851 tamen
437 3789 536 3870 spinas
558 3797 588 3850 et
607 3787 731 3850 tribulos
754 3791 861 3876 profert
882 3800 934 3852 eto
950 3825 993 3836 -—
1009 3791 1133 3876 δόκιμος
1147 3789 1303 3852 adhibetur

132 3899 168 3958 de
183 3895 261 3958 omni
276 3913 307 3957 re
322 3895 436 3968 idonea,
452 3895 533 3970 utili3
549 3914 615 3976 ergo
625 3893 772 3981 ἀδόκιμος
780 3897 815 3957 de
830 3913 860 3957 re
871 3895 1073 3976 nulliuspretii
1088 3898 1170 3958 etad
1186 3916 1300 3958 omnem

132 4022 218 4064 usum
233 4001 338 4065 inutili.
354 4037 398 4048 -
413 4001 451 4090 ἧς
466 4005 500 4067 τὸ
517 4003 606 4075 τέλος
629 3999 670 4075 εἰς
692 4011 797 4067 καῦσιν
819 4020 871 4081 per
894 4001 1092 4065 hebraismum
1115 4001 1241 4083 positum
1257 4011 1302 4064 est

133 4128 199 4189 pro:
215 4109 252 4198 ἧς
268 4113 302 4174 τὸ
318 4111 408 4181 τέλος
423 4117 530 4182 καῦσις
545 4107 604 4172 soil.
621 4107 708 4184 ἐστίν,
725 4107 805 4170 ouius
820 4110 893 4182 dois,
908 4107 926 4174 i.
943 4129 966 4172 e.
983 4107 1088 4170 ultima
1103 4110 1188 4181 faeta,
1205 4107 1301 4170 exitus

133 4223 179 4278 est
193 4213 363 4278 combustio.
395 4215 555 4277 Pronomen
571 4214 609 4302 ἧς
625 4215 803 4278 referendum
819 4216 916 4276 estad
932 4215 1107 4276 vocabulum
1121 4227 1170 4304 γῆ,
1192 4215 1222 4276 in
1246 4216 1302 4276 hae

132 4331 196 4386 tota
211 4320 340 4385 oratione
359 4320 546 4402 primarium
561 4321 623 4402 agn·
638 4321 704 4383 finis
718 4329 764 4383 est
778 4320 953 4397 oombnstio;
978 4320 1110 4385 nonnulli
1131 4321 1302 4404 interpretes
