3064 4894
553 293 678 355 uxama
695 293 743 344 vr.
763 290 839 342 ι-ε.
1236 295 1278 361 97

111 474 266 560 αθητήριοι
282 477 507 558 γέγομνασρένα
523 469 654 558 ἐχόντων
669 476 745 558 πρὸς
761 473 906 558 διάκρισιν
921 476 1021 538 καλοῦ
1042 495 1075 536 τε
1097 475 1150 537 καὶ
1171 481 1279 536 κακοῦ.

111 615 157 625 -
173 575 294 643 Τέλειοι
316 577 430 659 proprie
452 587 520 638 sunt
544 578 670 658 perfecti,
693 580 762 659 quia
782 597 850 640 vero
866 580 895 644 h.
919 579 937 642 l.
959 588 1145 660 opponuntur
1166 583 1281 665 νηπίοις

113 682 295 766 intelligendi
310 692 379 745 snnt
393 683 503 744 adulti:
520 682 537 743 i.
553 704 576 746 e.
592 683 717 765 imagine
726 695 854 761 remota;
870 684 919 766 qui
928 685 1083 765 ampliores
1098 685 1156 746 iam
1172 684 1202 745 in
1212 686 1281 746 doc-
1378 719 1382 730 ·

113 792 190 853 trina
205 791 363 852 christiana
378 807 544 870 progressus
560 792 702 868 fecerunt;
724 793 828 853 horum
851 801 896 854 est
918 795 1024 877 στερεὰ
1046 799 1152 880 τροφή,
1174 791 1192 853 i.
1208 811 1232 853 e.
1248 792 1280 852 hi

111 917 213 980 capere
228 906 350 979 possunt
364 895 535 958 sublimiora
550 897 695 979 religionis
710 899 816 980 capita,
832 899 879 960 his
888 899 1090 980 proponendae
1107 907 1175 958 sunt
1189 897 1279 958 intel-

111 1006 188 1069 lectu
203 1004 389 1067 difficilliores
403 1003 541 1066 veritates
550 1004 724 1066 christianae
740 1007 894 1067 doctrinae.
904 1041 948 1052 —
969 1005 1029 1079 ἕξις
1044 1004 1157 1085 proprie
1173 1004 1281 1066 iudicat

112 1113 250 1174 habitum
274 1111 407 1192 corporis,
431 1112 467 1172 de
482 1111 580 1176 animo
595 1111 638 1174 ita
653 1111 817 1186 adhibetur,
837 1121 871 1173 ut
886 1111 1026 1194 significet
1047 1111 1173 1173 indolem
1188 1113 1279 1172 et'fa·

111 1219 262 1292 cultatem,
278 1217 457 1290 facilitatem,
472 1217 715 1290 exercitationem,
731 1238 825 1292 usum,
841 1218 974 1300 peritiam
1001 1214 1064 1303 (cfr.
1088 1215 1222 1293 Quinta.
1237 1215 1279 1278 X.

114 1329 160 1390 1.:
176 1325 294 1406 ,firme
308 1323 462 1404 quaedam
469 1322 622 1405 facilitas,
639 1344 717 1406 quac
732 1325 819 1406 aptari
828 1323 965 1386 Graecos
975 1323 1035 1398 ἕξις
1046 1325 1279 1404 ηοιοὲιιαοιινέλ

111 1468 156 1478 -
172 1428 358 1519 αἰσθητηρια
372 1430 487 1512 proprie
509 1440 577 1492 sunt
598 1449 707 1512 organa
729 1451 875 1505 sensuum,
897 1431 1023 1514 corporis
1045 1440 1152 1511 partes,
1174 1429 1280 1514 quibus

110 1536 267 1612 sentimus;
283 1538 312 1598 h.
328 1537 349 1600 l.
364 1538 536 1598 transfertur
550 1538 606 1600 hoc
620 1538 795 1600 vocabulum
810 1539 849 1600 ad
864 1537 1004 1610 animum,
1028 1536 1071 1598 ita
1087 1546 1119 1597 ut
1141 1535 1280 1618 significet

110 1644 172 1706 vim
188 1653 217 1705 et
231 1643 401 1706 facultatem
412 1642 502 1706 animi
511 1643 622 1725 aliquid
636 1645 824 1726 perspiciendi
833 1653 864 1706 et
879 1643 1062 1706 diiudicandi.
1074 1679 1111 1690 -
1124 1647 1280 1730 γυμνάζειν

109 1749 225 1834 proprie
239 1759 324 1812 notat
339 1751 449 1812 nudum
464 1768 609 1826 exercere;
625 1770 728 1832 nempe
743 1751 939 1814 adolescentes
962 1749 1056 1831 graeci
1078 1748 1108 1810 in
1130 1749 1281 1830 gymnasio

110 1878 143 1920 se
157 1858 332 1920 exercebant
347 1857 425 1932 nudi,
441 1855 572 1919 vestibus
587 1857 732 1940 depositis,
749 1857 792 1918 ita
807 1867 914 1931 tamen,
938 1865 971 1918 ut
985 1854 1085 1918 honori
1101 1855 1281 1918 consulerent

110 1964 240 2046 cingulo;
256 1962 322 2026 inde
338 1965 393 2026 hoc
407 1965 529 2026 verbum
544 1963 721 2025 translatum
735 1973 780 2026 est
803 1967 841 2026 ad
857 1963 979 2047 quodvis
994 1961 1169 2037 exercitium,
1191 1961 1280 2024 etiam

110 2068 210 2144 animi,
233 2069 277 2131 ita
291 2079 324 2132 ut
348 2070 480 2133 denotet:
512 2087 643 2132 exercere
671 2090 702 2131 se
724 2069 754 2130 in
776 2069 876 2151 aliqua
897 2088 942 2145 re;
964 2069 1063 2152 itaque
1084 2068 1225 2131 formula:
1241 2072 1280 2135 τὰ

111 2174 298 2266 αἰσθητήρια
312 2182 540 2264 γεγυμνασμένα
561 2177 742 2238 declaratur:
765 2175 911 2258 ingenium
934 2175 1132 2250 exercitatum,
1155 2175 1280 2237 facultas

109 2281 201 2344 animi
222 2282 333 2363 aliquid
356 2283 545 2366 perspiciendi
567 2293 597 2344 et
618 2281 793 2346 diiudicaudi
817 2303 870 2344 usu
894 2283 958 2365 (διὰ
974 2288 1027 2372 τὴν
1044 2279 1116 2367 ἕξιν)
1140 2292 1170 2343 et
1191 2281 1279 2344 studii

110 2388 284 2452 assiduitate
299 2400 393 2452 acuta.
406 2425 446 2436 —
463 2392 559 2455 καλόν
575 2398 604 2452 et
613 2395 708 2456 κακόν
724 2391 844 2452 denotat
859 2391 888 2452 h.
899 2389 919 2454 l.
929 2407 1029 2451 verum
1039 2399 1068 2451 et
1078 2390 1194 2463 falsum,
1210 2388 1280 2469 quia

112 2498 148 2559 de
163 2495 295 2558 doctrina
310 2497 349 2558 ad
364 2496 450 2558 fidem
466 2497 627 2578 pertinente
641 2496 825 2578 potissimum
841 2513 934 2560 sermo
949 2506 1001 2561 est

523 2671 622 2756 Caput
635 2673 692 2738 VI.
706 2693 756 2738 vv.
774 2675 869 2741 1-3.

203 2837 230 2878 ν.
249 2819 276 2881 1.
292 2813 346 2882 Διὸ
362 2814 487 2902 ἀφέντες
501 2820 551 2880 τὸν
567 2827 621 2906 τῆς
636 2814 738 2906 ἀρχης
758 2827 811 2882 τοῦ
826 2815 959 2902 Χριστοῦ
976 2818 1076 2900 λόγον,
1101 2815 1148 2881 ἐπὶ
1163 2821 1217 2904 τὴν
1233 2840 1282 2880 τε·

113 2922 253 3010 λειότητα
269 2925 444 3010 φερώμεθα,
456 2928 498 3010 μὴ
508 2923 599 2988 πάλιν
614 2923 759 3008 θεμέλιον
769 2921 1032 3010 καταβαλλόμενοι
1049 2928 1208 3010 μετανοίας
1223 2921 1282 2987 ἀπὸ

113 3041 224 3116 νεκρῶν
239 3028 334 3113 ἔργων
349 3032 403 3094 καὶ
417 3033 544 3102 πίστεως
566 3027 614 3094 ἐπὶ
633 3027 717 3104 Θεὸν,
735 3064 776 3074 -
794 3029 943 3092 Particula
965 3031 1010 3094 διό
1032 3031 1060 3090 h.
1078 3030 1097 3091 l.
1120 3028 1283 3091 transitioni

112 3135 238 3200 inservit
270 3135 429 3216 Propterea
445 3135 509 3195 vult
525 3135 674 3216 apostolus
689 3134 790 3208 dicere,
815 3135 884 3216 quia
907 3134 988 3198 cibus
1011 3136 1128 3198 solidior
1149 3134 1284 3198 convenit

113 3241 231 3316 adultis,
249 3241 483 3322 provectioribus,
506 3259 604 3302 eorum
625 3261 721 3315 causa,
745 3241 794 3322 qui
817 3241 966 3318 intervos
988 3251 1056 3304 sunt
1071 3245 1189 3316 τέλειοι,
1206 3251 1236 3302 et
1251 3251 1284 3302 ut

113 3349 187 3412 inter
203 3367 253 3410 vos
268 3347 297 3420 ii,
313 3347 362 3429 qui
377 3348 416 3410 ad
432 3346 598 3410 discendum
613 3348 753 3410 hactenus
768 3348 844 3410 tardi
859 3349 975 3438 fuerunt
991 3347 1043 3433 (V.
1062 3346 1135 3431 IL),
1158 3349 1196 3410 ad
1218 3365 1283 3430 per-

113 3453 257 3518 fectiorem
267 3453 413 3516 doctrinae
422 3453 597 3516 christianae
607 3453 797 3535 cognitionem
807 3454 907 3516 sedulo
922 3454 977 3516 sibi
990 3455 1213 3536 comparandam
1231 3475 1285 3516 ex-

114 3561 245 3634 citentur,
262 3559 370 3622 omissa
379 3559 547 3622 elementari
557 3559 665 3622 Christi
677 3561 807 3622 doctrina
816 3562 852 3622 ad
864 3561 1059 3642 perfectiorem
1075 3561 1284 3624 institutionem

114 3667 289 3750 progrediar,
304 3667 400 3748 prima
424 3667 568 3728 elementa
590 3666 725 3729 omittam
741 3680 771 3729 et
794 3669 832 3730 ad
857 3667 1027 3730 sublimiora
1049 3688 1095 3728 me
1110 3677 1285 3732 convertam.

113 3811 156 3820 -
173 3771 189 3838 ὁ
206 3785 260 3862 τῆς
276 3773 377 3862 ἀρχῆς
392 3784 445 3839 τοῦ
462 3773 595 3859 Χριστοῦ
611 3775 703 3856 λόγος
713 3773 845 3855 designat
854 3773 948 3855 prima
958 3774 1102 3854 religionis
1111 3775 1285 3836 christianae

113 3881 274 3956 elementa3
290 3883 444 3967 τελειότης
461 3877 540 3965 (coll.
556 3879 640 3942 dictis
655 3881 693 3942 ad
709 3881 747 3941 V.
767 3877 831 3966 13.)
855 3879 1064 3942 institutionem
1080 3881 1286 3962 perfectiorem,

114 3986 323 4051 sublimiorem.
338 4023 383 4032 —
398 3987 578 4049 Verborum:
595 3991 636 4076 μη
652 3987 741 4054 πάλιν
758 3989 904 4074 θεμέλιον
914 3989 1178 4075 καταβαλλόμενοι
1194 4010 1285 4073 μετα-

116 4099 199 4168 νοίας
216 4116 245 4160 κ
256 4119 280 4160 τ.
291 4096 320 4161 λ,
337 4113 438 4154 seusus
453 4103 515 4154 est:
531 4112 588 4154 uon
597 4110 710 4154 rursum
720 4092 803 4154 vobis
812 4095 960 4155 tradentes
969 4093 1127 4156 doctrinam
1142 4091 1287 4174 religionis

81 4207 84 4214 '
115 4199 292 4264 christianae
314 4198 571 4272 fundamentalem,
593 4219 668 4280 quae
689 4208 734 4260 est
755 4199 791 4259 de
814 4197 991 4280 poenitentia
1013 4209 1065 4261 etc.
1081 4236 1125 4245 -
1141 4201 1286 4287 θεμέλιον

114 4306 228 4390 proprie
243 4305 364 4368 aedificii
380 4307 600 4402 fundamentum
616 4305 752 4378 declarat,
769 4325 856 4386 saepe
871 4315 970 4368 autem
985 4306 1140 4388 improprie
1155 4307 1286 4388 ponitur3

170 4429 274 4478 mah,
287 4432 452 4468 commeaturus.
1109 4409 1127 4466 7
