3064 4894
237 265 299 335 106
558 263 687 325 Expostulo
709 261 757 322 vl,
778 259 802 318 7.
822 262 865 320 8.;
889 263 1005 340 paraphr.
1025 263 1071 312 VI.
1090 260 1169 315 4-8.

234 441 401 526 intelligunt
415 458 466 524 per
473 441 682 523 metonymiam
697 441 846 523 spinarum
861 449 892 502 et
906 441 1078 504 tribulorum
1097 440 1343 512 combustionem
1360 438 1413 500 alii

234 557 332 612 autem
348 548 451 615 rectius
466 546 693 610 combustionem
716 547 806 630 ipsius
822 555 914 610 terrae
937 544 997 634 (cfr.
1018 546 1093 612 Gen.
1110 547 1201 612 XIX.
1225 549 1293 620 243
1321 550 1412 608 Deut.

236 655 358 730 XXIX„
375 651 450 739 23).

322 759 402 832 Quid
418 763 472 823 hac
480 759 619 842 allegoria
627 760 809 842 significetur,
824 781 861 823 ex
870 761 1107 852 antecedentibus
1117 780 1238 842 pronum
1254 771 1299 823 est
1314 760 1408 824 intel·

234 869 328 950 ligere.
359 867 520 949 Apostolus
536 867 648 930 locutus
664 877 709 930 est
729 870 765 929 de
782 867 958 942 homiuibus,
980 867 1029 950 qui
1052 890 1070 930 a
1086 868 1223 950 religione
1245 870 1412 932 defecerunt

233 985 263 1038 et
277 977 313 1038 de
327 973 563 1056 impossibilitate
578 973 653 1036 tales
669 973 810 1036 homines
826 975 863 1036 ad
878 973 967 1036 animi
978 975 1167 1038 mutationem
1178 975 1339 1038 reducendi.
1365 977 1410 1038 De

234 1082 402 1146 hominibus
421 1079 529 1162 itaque,
555 1080 603 1162 qui
620 1080 765 1143 doctrinae
787 1091 817 1142 et
839 1081 1040 1142 beneficiorum
1062 1080 1171 1143 Christi
1193 1081 1307 1164 copiam
1330 1082 1409 1142 tracti

232 1199 309 1263 sunt,
331 1198 370 1262 et,
398 1198 431 1250 ut
452 1187 576 1256 materia
597 1189 746 1264 substrata
771 1185 876 1261 innuit,
899 1189 934 1249 de
956 1187 1070 1250 diversa
1091 1187 1253 1250 conditione
1275 1208 1311 1249 au
1331 1196 1409 1250 sorte

236 1313 343 1368 eorum,
359 1313 435 1357 nnnc
444 1291 595 1356 vocabulis
605 1291 809 1374 metaphoricis
817 1295 908 1355 verba
916 1294 994 1356 facit.
1019 1295 1065 1356 Er
1076 1289 1181 1356 natura
1190 1303 1288 1356 autem
1300 1312 1408 1367 rerum,

236 1403 272 1477 de
292 1401 399 1484 quibus
413 1420 506 1476 sermo
522 1401 562 1472 fit,
579 1399 662 1464 facile
677 1399 837 1474 innotescit,
853 1420 927 1482 quae
943 1400 1017 1463 inter
1032 1399 1172 1481 imagines
1196 1411 1226 1462 et
1247 1419 1292 1462 res
1315 1401 1408 1481 signi-

232 1510 333 1592 ficatas
348 1507 510 1569 similitudo
526 1506 693 1570 intercedat.
725 1505 808 1570 Sicut
823 1526 926 1588 nempe
942 1525 1018 1588 ager,
1034 1508 1083 1588 qui
1100 1507 1200 1588 pluvia
1216 1507 1360 1588 irrigatur,
1376 1517 1406 1569 et

230 1615 381 1695 diligenter
402 1613 512 1686 colitur,
536 1623 568 1675 ut
590 1595 722 1693 agricolis
744 1613 852 1674 fructus
874 1613 961 1676 utiles
983 1613 1105 1686 adferat,
1128 1613 1288 1676 fertilitatis
1304 1615 1400 1676 incre-
1511 1657 1512 1704 l

232 1732 330 1798 monta
344 1723 437 1802 capit:
452 1719 643 1800 itahomines,
652 1719 702 1801 qui
711 1719 871 1782 doctrinam
887 1730 916 1782 et
934 1719 1081 1784 beneficia
1090 1718 1197 1782 Christi
1209 1729 1405 1802 perceperunt,

233 1839 261 1890 et
277 1829 307 1892 in
322 1848 356 1891 eo
373 1828 516 1900 laborant,
533 1835 566 1888 ut
581 1827 652 1889 fides
666 1847 702 1888 ac
715 1825 808 1888 virtus
823 1825 954 1907 ipsorum
978 1826 1008 1888 in
1030 1827 1090 1888 dies
1115 1827 1207 1908 magis
1229 1828 1361 1889 firmetur
1375 1837 1406 1889 et

232 1944 350 2010 crescat,
365 1937 427 1998 Deo
442 1933 604 1996 auxiliante
620 1950 756 2013 prospero
772 1953 903 1995 successu
928 1933 1007 1995 hand
1029 1933 1230 2008 destituentur,
1252 1935 1333 1996 Deus
1355 1953 1405 1996 eos

231 2041 412 2106 felicissimos
427 2041 528 2102 reddet
542 2040 571 2102 in
587 2039 682 2100 altera
696 2037 767 2104 vita.
799 2041 838 2100 Et
859 2039 934 2122 siout
955 2059 1031 2121 ager,
1054 2039 1104 2122 qui
1123 2039 1223 2122 spinas
1241 2041 1352 2120 profert
1373 2049 1405 2102 et

229 2147 364 2220 tribulos,
379 2167 398 2208 a
413 2145 492 2208 fundi
509 2145 633 2206 dominis
648 2145 799 2226 spernitur,
815 2145 987 2207 execrationi
1003 2155 1048 2208 est
1068 2147 1218 2228 proximus
1237 2155 1267 2208 et
1281 2149 1403 2208 tandem

229 2253 418 2322 comburitur:
442 2254 485 2314 ita
509 2252 648 2326 homines,
675 2251 725 2333 qui
749 2253 779 2314 in
803 2251 948 2336 religionis
973 2252 1132 2334 cognitione
1157 2273 1215 2315 non
1241 2253 1402 2334 proliciunt,

233 2359 341 2426 Christi
357 2358 501 2422 beneficiis
518 2359 594 2420 male
610 2368 731 2422 utuntur
755 2359 832 2421 etin
855 2377 963 2422 errores
983 2359 1119 2442 pristinos
1141 2361 1322 2436 relabuntur,
1337 2362 1402 2430 Deo
1513 2432 1514 2462 r

229 2466 416 2549 permittente
431 2487 450 2528 a
464 2465 594 2528 doctrina
612 2465 771 2528 christiana
780 2465 919 2540 deficient,
934 2467 1015 2530 cuius
1025 2466 1190 2529 defectionis
1206 2488 1275 2529 suae
1290 2488 1402 2550 poenas
1513 2481 1514 2556 l

230 2574 396 2653 inueterna
411 2573 474 2635 vita
488 2573 571 2634 dabit
586 2571 833 2653 gravissimas-
844 2571 978 2635 Ceterum
989 2592 1040 2655 per
1049 2593 1079 2635 se
1089 2583 1180 2655 patet,
1189 2586 1245 2662 γῆν
1261 2573 1400 2636 denotare

230 2680 368 2754 homines,
384 2676 637 2745 berdudoctrinam
653 2688 683 2741 et
692 2679 830 2741 beneficia
845 2677 969 2756 Christi;
985 2677 1023 2745 δι’
1035 2677 1096 2756 οὖς,
1107 2689 1224 2761 propter
1240 2700 1313 2764 quos
1329 2700 1399 2762 ager

229 2787 340 2859 oolitur,
357 2789 452 2849 Deum
468 2796 497 2852 ot
512 2784 661 2848 Christum
677 2785 844 2866 significare.

637 2945 986 3029 Paraphrasis.

684 3085 940 3169 capulo-8.

320 3230 504 3314 Impossibile
520 3240 565 3292 est
579 3230 657 3294 enim
672 3250 728 3306 eos,
752 3232 800 3314 qui
816 3231 906 3294 semel
928 3231 1072 3314 religionis
1094 3233 1267 3296 christianae
1292 3233 1402 3296 lumine

233 3337 395 3404 collustrati
411 3346 486 3412 sunt,
502 3336 715 3420 praestantiam
736 3337 880 3420 religionis
895 3338 1068 3404 christianae
1090 3339 1188 3404 auimo
1203 3351 1401 3422 perceperunt,

231 3444 342 3528 gratiae
358 3455 388 3508 et
402 3447 542 3508 donorum
558 3443 684 3526 Spiritus
699 3465 721 3506 s.
738 3443 893 3526 participes
907 3444 976 3508 facti
991 3454 1067 3517 sunt,
1090 3447 1249 3510 doctrinam
1264 3448 1398 3511 coelestia

232 3555 309 3616 bona
324 3551 542 3632 promittentem
568 3571 632 3614 curu
649 3551 794 3614 suavitate
819 3560 849 3612 et
863 3551 968 3632 gaudio
992 3562 1188 3636 perceperunt,
1210 3555 1297 3628 bona,
1319 3575 1401 3618 com-

230 3661 327 3734 moda,
342 3658 512 3724 felicitatem
526 3658 604 3738 regni
621 3656 729 3720 Christi
745 3657 804 3720 iam
819 3667 1021 3739 cognoverunt,
1041 3668 1071 3720 et
1085 3659 1273 3724 nihilominus
1294 3680 1314 3722 a
1329 3659 1400 3723 reli-

229 3765 312 3850 gione
328 3765 487 3842 christiana
501 3766 666 3828 defecerunt
681 3773 710 3826 et
725 3763 753 3825 in
769 3765 826 3828 hac
839 3764 996 3828 defectione
1017 3785 1071 3828 sua
1093 3776 1345 3847 perseverant-
1361 3770 1401 3830 ad

233 3872 323 3938 animi
338 3872 368 3936 in
383 3871 488 3936 melius
503 3868 695 3934 mutationem
709 3873 851 3945 reducere,
871 3871 914 3934 ita
928 3882 961 3933 ut
976 3873 1014 3934 ad
1036 3873 1162 3936 salutern
1183 3875 1320 3946 redeant;
1342 3894 1400 3946 eos,

231 3981 360 4062 iuquam,
376 3977 426 4060 qui
441 3977 470 4040 in
485 3997 570 4042 suam
588 3975 739 4060 perniciem
757 3980 850 4042 denuo
865 3977 1014 4043 Christum
1030 3977 1059 4042 iu
1075 3997 1186 4043 crucem
1201 3987 1293 4060 agunt
1314 4000 1399 4044 eum-

230 4107 286 4169 que
301 4089 397 4150 denuo
411 4083 536 4150 ludibrio
551 4091 709 4166 exponunt.
747 4084 829 4150 Sicut
850 4085 926 4148 onim
942 4103 1017 4165 ager,
1040 4085 1088 4167 qui
1109 4067 1239 4168 pluviam
1255 4087 1355 4150 crebro
1369 4086 1400 4149 in

229 4213 296 4256 curu
311 4193 494 4258 delabentem
510 4190 586 4253 bibit
601 4200 629 4252 et
645 4192 754 4256 fructus
769 4191 869 4254 usibus
884 4203 970 4274 aptos
991 4192 1099 4274 profert
1122 4191 1165 4266 iis,
1187 4200 1304 4273 propter
1326 4212 1400 4274 qnos

231 4300 342 4373 colitur,
357 4295 517 4380 fertilitatis
531 4296 708 4368 incrementa
722 4297 810 4380 capit,
826 4297 869 4360 ita
886 4308 917 4361 ut
931 4299 1026 4381 fnrges
1041 4318 1106 4362 cum
1116 4297 1247 4364 maxima
1262 4298 1399 4384 largitate
