3096 4886
255 361 318 430 158
682 361 807 427 expanso
824 359 857 411 x.
882 357 926 412 ar.
944 357 988 412 ee.

253 541 395 615 initiandi,
404 543 587 604 oonseorandi
602 541 718 604 notione
727 543 900 604 sumendum
910 551 961 604 est
972 539 1107 604 onustus
1116 539 1268 604 introitum
1283 560 1336 602 seu
1345 537 1429 602 viam

253 649 382 710 initiasse
397 649 503 712 dieitur
517 658 678 730 pmpterea,
694 650 770 729 quod
786 649 848 729 ipse
871 649 982 729 primus
1006 667 1072 710 eam
1086 649 1231 730 ingressus
1245 657 1300 720 est,
1324 656 1358 709 ut
1374 666 1428 708 nos

255 765 322 837 post
337 775 403 818 eum
419 757 519 818 eadem
536 755 584 816 via
598 755 812 836 perveniremus
833 758 871 818 ad
887 754 1110 818 sanctissimum
1125 753 1256 820 eoeleste.
1275 789 1314 799 -
1332 752 1428 839 πρόο-

257 887 353 950 ρατας
369 863 483 944 proprie
498 873 542 924 est
556 881 654 924 reeens
668 872 829 938 mactatus3
854 863 956 924 deinde
977 863 1020 924 ita
1041 863 1145 925 dieitur
1165 882 1259 934 omne,
1282 862 1362 941 quod
1386 869 1431 922 est

253 988 359 1045 reeens,
369 969 549 1043 inusitatum,
559 989 682 1044 novum;
698 969 1136 1056 h.1.viavooaturrtpdoparoc,
1152 978 1254 1050 utpote
1264 977 1355 1030 antea
1371 987 1430 1029 non

255 1077 332 1138 trita.
349 1113 392 1122 -
409 1081 491 1151 (tosa
501 1077 577 1137 idem
593 1078 724 1156 estquod
739 1081 936 1151 ζωοποιοῦσα,
951 1077 1090 1138 virtutem
1105 1076 1184 1138 vitae
1194 1075 1335 1147 tribuens,
1351 1073 1432 1135 vivi-

255 1184 352 1247 doaua
374 1219 403 1229 -
435 1183 539 1263 Praep.
562 1185 620 1255 διά,
641 1203 706 1265 per,
728 1193 841 1246 motum
863 1201 916 1264 per
938 1184 1034 1246 locum
1056 1185 1201 1264 quendam
1223 1181 1387 1262 signifieat3
1403 1190 1433 1242 et

257 1291 332 1374 σάρξ
348 1290 377 1350 h.
393 1289 414 1352 l.
430 1288 508 1350 idem
523 1289 612 1364 valet,
632 1290 708 1370 quod
724 1301 812 1376 σῶμα
835 1310 862 1351 ν.
882 1291 951 1365 10.;
972 1309 1042 1352 nam
1063 1307 1166 1371 oorpus
1181 1287 1291 1350 Christi
1308 1308 1432 1370 oompa-

255 1405 336 1458 ratur
351 1415 416 1457 oum
432 1395 497 1458 velo
509 1395 704 1472 Sanctissimi3
721 1396 795 1459 sieut
803 1417 907 1478 nempe
916 1397 1016 1459 velum
1025 1395 1205 1460 Sanctissimi
1220 1396 1433 1458 removendum

256 1512 328 1576 erat,
343 1511 377 1564 ut
391 1503 522 1584 pontifex
537 1503 645 1583 ingredi
660 1513 766 1584 posset,
789 1503 832 1565 ita
847 1523 961 1585 quoque
976 1503 1084 1566 Christi
1109 1522 1210 1585 eorpus
1232 1501 1318 1584 quasi
1333 1521 1433 1564 remo-

257 1611 393 1682 vendum,
409 1621 501 1671 morte
516 1611 721 1672 destmendum
736 1619 808 1684 erat,
824 1619 857 1672 ut
871 1611 988 1673 introire
1002 1619 1100 1692 posset
1114 1609 1145 1672 in
1160 1612 1283 1691 adytum
1306 1609 1433 1673 eoeleste

256 1725 286 1778 et
301 1715 465 1778 christianis
486 1717 583 1778 aditus
604 1725 725 1798 pateret.
756 1717 913 1798 Pmpterea
935 1718 1025 1780 etiam
1046 1717 1076 1778 iu
1091 1727 1183 1780 morte
1199 1716 1309 1778 Ohristi
1332 1716 1433 1778 velum

256 1821 358 1903 tempii
374 1822 494 1885 spissum
510 1833 554 1884 est
569 1823 599 1885 in
614 1824 687 1884 duas
701 1831 801 1904 partes
826 1819 934 1908 (Mtth.
950 1823 1088 1888 XXVII.
1104 1821 1179 1908 bl.)‚
1201 1824 1271 1904 qnia
1293 1822 1433 1885 nimimm

256 1945 341 1992 earne
357 1927 466 1991 Christi
481 1946 533 2010 per
548 1937 670 1990 mortem
686 1929 771 2010 quasi
787 1930 930 1994 oonsoissa
940 1939 1040 2011 patere
1056 1930 1150 2011 ooepit
1164 1929 1263 1992 aditus
1277 1928 1309 1990 in
1319 1929 1433 1992 eoelum

259 2032 411 2120 (Eudios).
429 2069 468 2098 -.
494 2035 566 2098 Post
587 2037 691 2098 verba:
711 2037 761 2102 διὰ
783 2046 836 2104 τοῖν
860 2042 1131 2124 καταπετάσματος
1152 2035 1350 2118 supplendum
1374 2043 1435 2097 est:

258 2139 399 2224 ἄγουσαν,
414 2142 573 2204 dueentem

349 2267 377 2307 v.
393 2248 444 2312 21.
460 2251 513 2313 aod
528 2245 610 2334 ἱερέα
626 2255 719 2335 parav
735 2247 783 2314 ἐπὶ
800 2254 849 2316 τὀν
874 2248 957 2316 οἶκον
979 2247 1137 2326 tattiano,
1154 2284 1198 2296 -
1220 2249 1324 2310 Verba
1346 2247 1435 2310 huius

261 2371 362 2415 versus
377 2355 539 2434 dependent
554 2357 593 2416 ab
608 2355 732 2443 ἔχοντες
747 2377 776 2419 ν.
794 2358 843 2423 19.
861 2393 903 2402 -
919 2353 1014 2442 ἱεροὺς
1037 2362 1131 2444 μονάς
1147 2357 1176 2422 h.
1192 2356 1211 2417 l.
1234 2364 1279 2417 est
1301 2355 1435 2437 pontifex
1527 2353 1528 2370 ¹

263 2460 372 2523 eximia
386 2459 527 2542 dignitate
542 2461 725 2543 oonspiouus;
742 2469 836 2550 ρτγάς
859 2465 888 2527 h.
912 2463 931 2524 l.
956 2463 1185 2544 magnitudinem
1207 2472 1237 2523 et
1258 2461 1435 2542 dignitatem
1469 2529 1474 2534 ,

262 2566 400 2633 declarat.
416 2603 458 2612 -
475 2565 551 2629 Cum
570 2567 600 2629 in
616 2569 672 2631 han
692 2569 830 2632 orationis
851 2570 923 2631 serie
945 2571 981 2631 de
1002 2569 1081 2632 ooelo
1096 2587 1190 2631 sermo
1212 2568 1259 2642 sit,
1281 2587 1334 2650 per
1351 2565 1434 2633 οἷκον

262 2683 314 2739 τοῦ
330 2671 408 2738 Θεοῦ
423 2673 568 2754 templum
583 2675 704 2737 eoeleste
720 2684 765 2738 est
779 2675 1007 2758 intelligendum.
1023 2713 1067 2723 —
1077 2675 1189 2738 Versus
1204 2685 1368 2758 sequentes,
1383 2673 1435 2754 qui
1526 2705 1527 2708 ¹

261 2789 339 2843 arote
355 2799 419 2842 oum
435 2780 482 2841 his
496 2781 659 2855 oohaereut,
674 2781 814 2862 epodosin
829 2783 1066 2864 eompleotuntur.

354 2905 383 2948 v.
408 2887 459 2951 22.
482 2891 728 2974 προςερχὼρεθα
751 2893 826 2975 μετὰ
855 2888 1009 2977 ἀληθινῆς
1031 2890 1158 2973 καρδίας
1180 2886 1211 2953 ἐν
1234 2890 1432 2974 πληροφορίᾳ

262 2997 397 3064 πίστεως,
421 2987 642 3079 ἐρραντισρένοι
666 2997 721 3068 τὰς
746 2997 875 3080 καρδίας
906 2995 966 3060 ἀπὸ
991 2997 1188 3083 αονττδηοειος
1209 3005 1357 3080 πονηρᾶς,
1381 2997 1435 3057 καὶ

262 3099 441 3185 λελουμένοι
474 3103 507 3165 τὸ
547 3112 635 3188 σῶμα
665 3097 750 3167 ὕδατι
780 3104 920 3188 καθαρῷ·
952 3137 994 3148 -
1019 3102 1070 3164 Ad
1099 3103 1221 3164 verbum
1252 3104 1435 3185 προσερχώ-

262 3208 346 3292 μεθα
375 3207 651 3289 subintelligendum
680 3219 725 3270 est
746 3221 787 3295 τῷ
810 3206 887 3294 Θεῷ.’
917 3246 960 3255 -
990 3208 1127 3299 ἀληθινὴ
1155 3211 1266 3295 καρδία
1293 3217 1339 3272 est
1367 3204 1426 3266 ani·

262 3335 328 3378 mus
350 3317 483 3392 sincerus,
507 3317 654 3384 candidus.
697 3317 872 3379 Anouratius
895 3317 982 3380 huius
1004 3317 1145 3380 formulae
1174 3318 1219 3379 vis
1249 3315 1435 3380 eonstituitur

262 3424 369 3496 verbis,
385 3443 459 3505 quae
481 3434 654 3505 sequuntur:
675 3423 706 3491 ἐν
727 3427 922 3512 πληροφορίᾳ
941 3430 1075 3500 πίστεως,
1097 3427 1127 3487 in
1155 3423 1334 3506 plenitudine
1360 3424 1435 3497 fidei,

262 3531 392 3612 persuasi
418 3551 470 3593 nos
492 3553 510 3594 a
532 3533 595 3595 Deo
624 3542 742 3614 propter
763 3531 933 3622 saorifiaium
955 3553 974 3594 a
996 3531 1112 3594 Christo
1136 3532 1270 3594 oblatum
1291 3531 1430 3611 impetra·

262 3648 343 3700 turos
373 3660 450 3714 esse,
482 3641 558 3720 quod
587 3639 790 3720 efflagitamus.
815 3675 858 3684 -
891 3637 1030 3726 ῥαντίζετν
1062 3639 1176 3720 proprie
1208 3639 1352 3719 signifieat
1382 3657 1433 3698 as-

262 3765 387 3829 pergere,
403 3747 506 3810 deiude
530 3747 599 3828 quia
621 3748 798 3828 aspergendo
819 3746 1027 3821 lustrabantur,
1050 3749 1250 3828 purgabantur
1270 3765 1316 3807 res
1331 3755 1363 3807 et
1377 3745 1435 3807 ho-

263 3855 363 3928 mines,
379 3856 514 3916 denotat:
531 3837 672 3916 mundum
680 3855 806 3926 reddere,
821 3873 944 3934 purgare
960 3853 1007 3938 (ut
1016 3855 1044 3918 h.
1061 3853 1080 3922 l,
1091 3863 1120 3915 et
1134 3853 1192 3916 IX.
1211 3851 1283 3937 13.).
1314 3852 1436 3914 Allndit

262 3962 413 4043 apostolus
423 3963 478 4024 hoo
486 3964 577 4024 verbo
586 3963 624 4023 ad
633 3960 875 4023 eonsecrationem
885 3960 1012 4024 Aarouis
1020 3961 1164 4041 pontificis
1172 3959 1290 4040 eiusque
1299 3958 1435 4033 filiomm,

263 4086 386 4149 quorum
395 4077 499 4142 vestes,
515 4079 548 4130 ut
557 4069 663 4130 intrare
678 4077 798 4149 possent
807 4067 1012 4141 sanctuarium,
1022 4067 1161 4148 sanguine
1170 4067 1435 4147 oonspergebautur

263 4173 324 4259 (cu.
346 4175 438 4239 uxor.
461 4175 584 4236 xxux
610 4176 676 4251 21.;
698 4175 769 4236 rev.
792 4156 974 4255 v1'1r.eo.);
999 4173 1229 4236 Christianorum
1251 4172 1341 4234 animi
1363 4191 1433 4234 vero

261 4291 491 4370 consperguntur
520 4281 605 4361 quasi
634 4279 772 4362 sanguine
801 4280 925 4354 Christi3
954 4281 1040 4342 oorda
1061 4299 1160 4342 eorum
1183 4281 1378 4341 emundantur
1401 4301 1436 4344 aa

261 4385 457 4468 purificantur,
472 4386 515 4448 ita
530 4396 564 4447 nt
577 4385 665 4448 in‘eis
686 4386 769 4448 uuila
782 4385 908 4448 resideat
929 4385 1102 4448 oousoientia
1118 4385 1237 4467 peoeati.
1254 4423 1297 4431 -
1312 4385 1434 4454 Verba:
